3586 5498
144 256 219 327 tuo
400 278 434 327 n.
459 277 605 327 ovsnsr
631 277 822 327 nssosss
846 275 1273 326 sersaonrnosnos
1300 275 1382 322 ura.
1407 275 1443 323 u.

141 450 177 498 Et
194 456 298 499 teneros
312 449 429 499 manibus
443 464 528 498 ramos
542 449 716 509 abrumpere:
734 446 836 498 atinde
931 447 1054 497 Protinus
1074 445 1190 496 induitur
1207 443 1300 495 facien
1318 447 1467 510 cultamqae
1489 446 1603 507 nissae,
1644 448 1702 496 488
1772 500 1779 515 ,

141 519 308 581 Sanguineas
319 524 435 578 manant,
445 528 567 580 tanquam
577 516 610 565 de
621 519 739 578 vulnere,
748 523 848 578 guttae.
857 518 909 567 sno
932 516 1022 581 Atque
1034 517 1082 577 ait,
1099 516 1124 564 0
1136 515 1269 578 comitam,
1291 517 1373 577 virgo,
1388 529 1450 578 pars
1466 529 1520 565 aua
1533 529 1663 580 neam,

142 587 238 647 Parce,
247 602 348 651 precor,
354 594 447 648 mater,
456 599 633 650 quaecumque
644 590 684 633 est
692 585 789 646 saucia,
799 586 908 634 clareat:
932 585 963 635 lu
977 585 1069 648 quibus
1081 598 1111 632 es
1126 590 1221 633 venata
1234 585 1314 646 iugis?
1332 585 1373 634 lle
1392 584 1508 645 caespite
1526 584 1599 646 virgo

142 656 237 716 Parce,
251 670 358 718 precor;
378 661 493 704 nostrum
515 656 627 704 laniatur
642 655 668 703 in
684 655 778 704 arbore
788 667 891 715 corpus.
933 655 967 702 fle
980 655 1067 713 ievst;
1086 659 1123 714 et,
1136 653 1215 701 salve
1226 667 1332 711 numen,
1350 667 1392 701 me
1404 652 1499 714 indice,
1514 651 1592 714 dixit,

143 724 252 789 lamque
269 726 335 773 vale.
373 724 470 774 Cortex
494 724 519 772 in
541 723 621 772 verba
641 722 778 772 norissima
794 723 874 771 venit.
933 722 1033 773 Audiat
1055 722 1112 784 ipae
1136 723 1205 783 licet,
1229 721 1310 771 araim
1324 721 1397 771 lose.
1434 721 1522 783 Ridet,
1538 729 1567 770 et
1578 721 1666 783 audit,

142 793 211 842 Inde
226 793 309 841 tiuunt
329 793 468 853 lacrimae,
488 793 636 856 stillataque
663 792 718 840 sole
745 791 876 853 rigescunt
934 791 968 839 Et
982 791 1028 840 sibi
1043 788 1172 852 praeferri
1194 804 1223 839 se
1246 789 1353 852 gaudet,
1371 797 1398 839 et
1416 791 1503 839 oscula
1518 790 1611 851 iungit,
1646 794 1706 840 480

143 863 183 912 De
204 861 282 911 ramis
304 863 403 911 electra
426 861 517 911 novis:
537 875 603 924 quae
624 858 724 909 luddua
741 859 823 908 amnis
858 862 909 908 808
933 860 991 911 nec·
1006 859 1142 908 moderata
1154 859 1228 919 satis,
1244 873 1293 907 nec
1308 860 1345 907 sic
1357 874 1374 907 a
1388 859 1487 920 virgine
1499 858 1597 908 danda.

141 931 255 992 Excipit,
271 937 297 979 et
310 930 416 979 nuribus
435 930 514 978 mittit
532 928 660 991 gestanda
677 927 785 977 Latinis.
934 928 992 979 Qua
1009 935 1103 977 venata
1121 925 1198 988 soret,
1214 929 1278 977 silva
1289 942 1396 976 narrare
1411 935 1548 989 pannteur

143 997 237 1050 notun
249 1000 309 1049 hnic
323 1005 438 1048 monstro
449 1001 536 1061 proles
555 997 708 1045 Stheneleia
721 997 840 1059 Cycnum
856 1042 862 1061 ,
935 996 1048 1058 Impedit
1067 997 1208 1058 ampleau;
1226 1011 1275 1045 nec
1291 1011 1319 1046 se
1336 997 1392 1045 sine
1406 997 1513 1044 crimine
1531 994 1629 1058 prodit.

142 1068 195 1119 Qui
212 1068 258 1117 tibi
277 1074 396 1117 materno
409 1067 525 1131 quamvis
546 1082 561 1114 a
582 1066 706 1127 sangnine
728 1065 840 1124 iunctus,
935 1066 984 1114 lila
995 1064 1098 1129 quidem
1114 1070 1213 1126 eontra,
1233 1072 1357 1129 quantum
1374 1064 1449 1114 modo
1466 1063 1564 1114 femina
1580 1064 1666 1127 possit

142 1136 235 1186 Mente
253 1143 350 1199 tamen,
365 1137 513 1195 Phaethon,
532 1135 638 1198 propior
651 1133 708 1183 suit.
745 1133 793 1180 lile
811 1131 910 1188 relicto,
933 1133 1115 1199 (Adspiceret
1132 1133 1241 1195 aduam,
1258 1134 1389 1195 Saturnia,
1407 1133 1492 1183 mitior
1508 1131 1629 1195 eneti),
1647 1136 1703 1182 488

143 1206 211 1254 Nam
224 1205 346 1267 Ligurum
364 1207 483 1268 populos,
493 1211 520 1252 et
530 1207 750 1265 magnasrexcrat
766 1202 910 1262 urbeque
935 1203 984 1251 llla
997 1201 1100 1265 quidem
1116 1206 1230 1264 pugnat:
1248 1203 1295 1251 sed
1308 1217 1375 1265 quae
1392 1216 1517 1265 superare
1531 1203 1630 1264 puella,

142 1274 258 1336 lraperio
277 1274 345 1336 ripas
364 1274 469 1335 virides,
487 1288 639 1336 amnemque
659 1271 771 1336 querelis
934 1273 1032 1322 Quisve
1043 1271 1260 1333 lovempoteratt
1278 1271 1406 1333 Superum
1423 1272 1490 1333 petit
1500 1273 1608 1320 aethera
1617 1270 1704 1321 steros

143 1343 286 1391 Eridanum
304 1344 433 1405 implerat,
452 1343 593 1404 silvamque
612 1340 742 1389 sororlbas
757 1343 874 1387 auctam:
936 1340 1044 1402 Iupiter.
1082 1338 1151 1387 llulc
1174 1338 1234 1388 odio
1256 1355 1346 1387 nemus
1362 1345 1412 1400 est,
1427 1341 1572 1389 etcouscia
1587 1340 1666 1389 ulva.

144 1413 230 1462 (luum
244 1426 294 1458 vox
308 1418 348 1459 est
361 1417 469 1461 tenuata
484 1412 547 1471 viro,
560 1422 694 1473 anaeque
705 1408 813 1470 capillos
935 1409 1011 1457 Unde
1027 1407 1121 1471 pedem
1141 1407 1257 1457 reterens
1272 1423 1356 1470 paene
1369 1415 1410 1458 est
1421 1411 1501 1458 oblita
1513 1409 1665 1471 pharetram

144 1480 313 1528 Dissimulant
325 1482 448 1542 plumae;
467 1481 612 1542 collumque
626 1494 642 1527 a
663 1483 769 1540 pectore
789 1477 892 1538 longa·
933 1480 1037 1527 Tollere
1052 1491 1109 1525 enm
1126 1478 1194 1537 telis,
1206 1483 1242 1538 et,
1257 1492 1332 1540 quem
1348 1478 1531 1539 suspenderat,
1542 1479 1705 1527 arcuum

144 1548 298 1610 l'orrigitur,
322 1549 467 1612 digitosque
485 1549 549 1608 ligat
570 1548 689 1596 iunctura
707 1545 840 1593 rubentes.
860 1547 910 1591 818
936 1547 1013 1607 Ecce,
1025 1560 1071 1595 suo
1090 1547 1212 1594 comitata
1224 1547 1302 1594 choro
1317 1546 1447 1608 Dictynna
1458 1561 1506 1608 per
1519 1548 1598 1595 altum

144 1617 238 1667 Penne
257 1619 325 1665 latus
342 1618 428 1677 vestit,
444 1623 517 1664 tenet
532 1630 560 1663 os
574 1616 630 1663 sine
646 1614 764 1663 acumine
784 1618 910 1662 rostrumr
934 1616 1074 1664 Maenalon
1089 1614 1247 1675 ingrediens,
1261 1621 1288 1663 et
1308 1614 1390 1663 caede
1410 1617 1524 1677 superba
1537 1613 1666 1673 terarum,

147 1687 189 1734 Fit
204 1700 270 1734 nova
288 1685 391 1747 Cycnus
408 1685 472 1745 avis,
491 1699 540 1732 nec
553 1698 581 1732 se
599 1684 722 1747 coeloque
735 1681 842 1745 levique
937 1683 1056 1746 Adspicit
1071 1683 1147 1743 issue,
1167 1684 1298 1746 visamque
1318 1689 1408 1733 vocat:
1428 1685 1539 1732 clamata
1558 1682 1666 1746 refugit,

145 1753 246 1815 Credit,
265 1760 294 1803 ut
316 1755 410 1802 iniuste
428 1753 498 1803 missi
517 1767 614 1800 mernor
630 1752 695 1813 ignis
710 1751 743 1800 ab
760 1751 813 1799 illo.
936 1752 970 1801 Et
984 1752 1069 1800 timuit
1084 1751 1175 1813 primo,
1195 1766 1229 1798 ne
1248 1751 1350 1813 iupiter
1367 1759 1437 1801 esset
1454 1753 1480 1800 in
1498 1753 1550 1801 illa.

146 1824 246 1884 Stagna
264 1823 339 1887 petit,
363 1823 517 1885 patulosque
530 1823 616 1870 lacus:
634 1824 772 1882 ignemque
788 1831 895 1881 perosus
935 1820 989 1869 Sed
1003 1826 1138 1883 postquam
1152 1821 1251 1881 pariter
1269 1819 1403 1882 Nymphas
1419 1820 1541 1869 incedere
1552 1820 1628 1883 sidit,
1648 1825 1701 1871 448

146 1891 223 1942 Quae
238 1892 315 1952 colat,
333 1891 412 1952 elegit
436 1890 565 1940 contraria
585 1888 692 1938 flumina
707 1887 825 1937 dammis.
861 1889 912 1934 880
935 1890 1023 1938 Sensit
1035 1890 1127 1938 abesse
1143 1888 1225 1947 dolos,
1233 1904 1419 1953 numerumque
1433 1891 1543 1939 accessit
1554 1890 1702 1943 adharan.

54 2010 62 2019 ,
146 1961 286 2024 Squalidus
309 1960 411 2009 interea
429 1960 531 2021 genitor
545 1957 767 2019 Phaethontir,et
782 1968 877 2018 expers
936 1958 1006 2020 Men,
1026 1972 1103 2021 quarn
1125 1955 1230 2006 difficile
1243 1963 1293 2019 est,
1306 1959 1402 2007 crimen
1421 1973 1471 2007 nou
1484 1958 1597 2020 prodere
1612 1958 1704 2011 vaitei

145 2028 208 2091 ipse
225 2029 263 2077 sui
277 2029 387 2090 decoris,
401 2029 494 2092 quails,
514 2041 591 2091 quum
612 2025 701 2076 delicit
715 2026 814 2086 orbern,
936 2027 989 2076 Via
1005 2028 1092 2076 oculos
1103 2026 1199 2075 attollit
1210 2026 1302 2085 humo;
1321 2042 1379 2088 nee,
1396 2033 1425 2075 ut
1441 2035 1502 2077 aute
1518 2028 1630 2090 solebat,

146 2099 212 2146 Esse
227 2098 302 2160 solet,
318 2099 453 2160 lucemque
473 2095 537 2159 odit,
555 2110 634 2159 seque
649 2095 705 2157 ipse
718 2094 859 2156 diemque;
937 2096 1030 2147 iuncta
1050 2094 1118 2145 deae
1135 2096 1222 2155 lateri,
1236 2110 1285 2144 nec
1300 2101 1354 2145 toto
1369 2102 1410 2144 est
1425 2098 1528 2159 agmine
1548 2098 1647 2159 prisuar

146 2167 251 2230 Datque
267 2166 378 2214 animum
396 2167 422 2214 in
439 2168 532 2226 luctus,
548 2169 576 2213 et
591 2165 701 2214 luctibus
716 2162 804 2212 adiicit
821 2162 895 2223 iram,
936 2163 989 2214 Sed
1004 2166 1072 2224 silet,
1090 2169 1116 2213 et
1128 2165 1191 2212 laesi
1208 2163 1254 2213 dat
1271 2164 1344 2226 signa
1356 2166 1449 2214 rubore
1462 2165 1577 2227 pudoris.
1647 2170 1703 2217 488

147 2234 317 2298 officiumque
328 2239 409 2297 negat
423 2233 528 2283 mundo.
547 2234 625 2294 Satis,
639 2232 731 2297 iuquit,
746 2233 779 2281 ab
793 2231 912 2281 assistit
937 2233 979 2291 Et,
997 2234 1047 2281 nisi
1062 2232 1130 2296 quod
1148 2233 1218 2295 virgo
1232 2240 1281 2292 est,
1302 2239 1406 2294 poterat
1427 2235 1524 2283 sentire
1543 2234 1630 2284 Diana

146 2304 208 2355 eon
229 2317 287 2352 ntea
303 2303 434 2366 principiis
454 2301 504 2351 tuis
520 2302 670 2366 irrequieta,
686 2303 809 2364 pigetque
936 2303 1010 2351 Mille
1027 2302 1094 2351 notis
1111 2303 1223 2363 eulpam.
1260 2302 1396 2365 Nymphae
1407 2304 1518 2352 sensisse
1534 2303 1665 2355 feruutur.

148 2373 273 2421 Actorum
290 2372 417 2422 sineline
432 2371 504 2431 mihi,
520 2372 575 2421 sine
594 2373 702 2431 honore,
716 2370 842 2419 laborum.
936 2371 1009 2420 Orbe
1026 2371 1198 2432 resurgebant
1222 2370 1333 2419 butiana
1355 2387 1452 2423 cornua
1469 2387 1552 2431 nono;

148 2442 264 2492 Quilibet
283 2443 352 2491 alter
371 2446 433 2503 agat
453 2446 588 2503 portantes
601 2440 698 2490 lumina
709 2453 809 2488 currus.
936 2441 1022 2490 tinum
1034 2440 1091 2487 Dea
1101 2440 1231 2502 senatrix,
1244 2438 1366 2489 fraternis
1378 2440 1501 2503 languida
1509 2441 1704 2504 flammis,[·ttsb

148 2511 174 2559 Si
195 2525 271 2559 rremo
287 2516 337 2573 est,
352 2523 493 2572 omnesque
514 2510 557 2558 del
582 2524 632 2557 non
647 2519 723 2570 posse
741 2505 876 2556 fatentur:
937 2509 1022 2558 Nacta
1033 2523 1123 2557 nemus
1139 2507 1263 2569 gelidum,
1279 2507 1312 2557 de
1329 2523 1379 2572 quo
1397 2525 1454 2558 cum
1467 2524 1596 2559 murmure
1607 2513 1704 2562 labens

147 2579 160 2627 l
164 2592 209 2641 pse
219 2585 293 2641 agat;
307 2585 336 2628 nt
343 2581 445 2637 saltem,
453 2577 514 2626 dum
522 2585 623 2627 nostras
630 2582 716 2625 tentat
728 2574 853 2638 habenas,
860 2579 911 2624 890
936 2576 1006 2637 lbat,
1024 2584 1050 2625 et
1070 2577 1172 2625 attritas
1184 2579 1305 2626 versabat
1318 2579 1388 2625 rivus
1405 2593 1516 2639 arenas,

149 2648 283 2697 orbatura
298 2654 387 2710 patres
400 2646 540 2708 aliqnando
556 2644 664 2695 fulmina
683 2649 773 2706 ponat.
937 2646 973 2694 Ut
985 2647 1041 2693 loca
1054 2644 1180 2703 laudavit,
1196 2660 1308 2695 summas
1323 2646 1392 2709 pede
1409 2647 1517 2708 contigit
1536 2648 1630 2699 andes.
1661 2652 1664 2657 “

146 2718 212 2765 Turn
228 2717 302 2777 sciet,
316 2714 465 2777 ignipedum
481 2715 550 2764 vires
569 2720 694 2776 expertus
709 2726 842 2778 equorum,
937 2714 986 2763 ldis
998 2728 1099 2778 quoqne
1117 2715 1239 2775 laudatis,
1252 2714 1352 2779 ''Proeul
1366 2721 1416 2777 est,
1429 2717 1475 2776 alt,
1488 2718 1587 2766 arbiter
1599 2719 1703 2780 onais3

148 2785 208 2834 lion
225 2785 350 2834 meruisse
366 2798 467 2843 necem,
485 2785 528 2847 qui
551 2798 601 2832 non
620 2784 688 2831 bene
700 2782 798 2831 rexerit
812 2782 877 2831 illos.
938 2783 1015 2833 Nuda
1025 2780 1166 2844 superfusis
1179 2784 1307 2845 ιίιιμιιιιιι
1320 2799 1429 2847 corpora
1442 2786 1560 2849 lymphis.

148 2853 223 2901 Talia
241 2853 372 2903 dicentem
389 2853 556 2902 circumstant
576 2853 662 2901 omnia
677 2851 763 2900 Solem
937 2852 1073 2902 Parrhasis
1092 2852 1204 2901 erubuit.
1241 2853 1358 2902 Cunctae
1373 2855 1500 2904 velamina
1516 2861 1628 2917 ponast:
1645 2858 1705 2904 400

149 2922 279 2981 humina,
297 2936 365 2970 neve
386 2922 449 2969 velit
461 2921 588 2970 tenebras
611 2920 736 2969 inducere
758 2918 844 2978 rebus,
863 2921 913 2967 808
937 2921 997 2970 Una
1014 2936 1098 2969 moras
1114 2922 1229 2984 quaerit;
1248 2921 1377 2972 dubitanti
1397 2923 1476 2973 vestis
1490 2923 1612 2986 adempta
1623 2930 1684 2974 est:

149 2992 272 3052 Supplice
283 3004 346 3039 soce
361 2995 463 3051 rogant.
500 2988 593 3039 Missos
609 3003 711 3053 quoque
728 2987 829 3050 Iupiter
840 2988 914 3050 ignes
937 2990 997 3040 Qua
1016 2989 1100 3053 posita
1113 2989 1183 3038 nudo
1199 2991 1284 3052 patuit
1297 3006 1354 3040 eum
1367 3007 1473 3054 corpore
1490 2993 1598 3042 crimen.

149 3060 274 3121 Exclusi,
293 3059 464 3122 precibusque
481 3060 564 3108 minas
582 3059 705 3120 regaliter
725 3056 809 3106 addit.
938 3060 1083 3120 Attonitae,
1097 3059 1266 3123 manibusque
1283 3067 1383 3109 uterum
1397 3063 1485 3110 celare
1498 3061 1604 3121 volenti,

149 3128 255 3189 Colligit
270 3134 398 3191 ementes,
411 3134 439 3177 et
455 3128 541 3177 adhue
555 3133 654 3177 terrore
673 3133 809 3190 paventes.
898 3170 905 3177 .
938 3129 952 3177 1
966 3130 1056 3191 procul
1071 3128 1140 3189 hinc,
1156 3127 1231 3189 dixit,
1252 3143 1301 3178 nee
1323 3144 1409 3179 sacros
1428 3131 1515 3194 pollue
1534 3128 1632 3194 fontes,

148 3197 375 3262 Phnebnsequos;
388 3199 542 3261 stimuloque
551 3195 659 3246 domans
667 3193 912 3244 etverberesaevit:
938 3197 1066 3261 Cyntbis3
1086 3197 1171 3260 deque
1193 3212 1239 3245 suo
1254 3198 1327 3247 iussit
1347 3198 1473 3248 secedere
1491 3205 1578 3250 coetu
1648 3204 1704 3252 488

148 3267 239 3316 Saevit
254 3268 333 3325 enim,
345 3273 485 3332 natumque
494 3266 618 3327 obiectat,
630 3271 658 3314 et
669 3265 780 3327 imputat
794 3264 853 3314 illle.
862 3266 914 3312 400
937 3266 1064 3316 Senserat
1077 3267 1126 3315 boc
1140 3267 1199 3315 olim
1215 3268 1302 3329 magni
1313 3274 1430 3316 matrona
1443 3268 1578 3330 Tonantis,

149 3336 187 3387 At
199 3340 275 3398 pater
289 3336 452 3398 omnipotens
469 3335 585 3398 ingentia
603 3333 706 3384 moenia
725 3333 792 3383 coeli
938 3336 1133 3399 Distuleratque
1152 3349 1244 3397 graves
1255 3336 1281 3385 lu
1297 3334 1390 3385 idonea
1404 3344 1521 3399 tempora
1539 3351 1648 3399 poeaas.

149 3405 260 3467 Circuit,
279 3411 316 3465 et,
336 3419 371 3453 ne
386 3405 447 3469 quid
467 3403 622 3454 labefactum
637 3403 733 3452 viribus
743 3402 809 3466 ignis
937 3404 1024 3454 Causa
1040 3418 1127 3453 morae
1137 3405 1209 3452 nulla
1221 3410 1277 3465 est;
1295 3412 1323 3454 et
1335 3404 1384 3453 iam
1393 3421 1458 3468 puer
1471 3405 1552 3456 Areas
1568 3405 1608 3468 (id
1617 3407 1705 3470 ipsa·

148 3474 270 3535 Corruat,
286 3476 415 3537 explorat.
451 3474 526 3525 Quae
541 3478 677 3537 postquam
690 3471 774 3535 firma,
789 3469 879 3535 suique
937 3472 1053 3522 Indoluit
1068 3471 1149 3538 luno)
1163 3471 1249 3523 fuerat
1260 3474 1296 3524 de
1310 3476 1403 3537 pellice
1417 3481 1503 3525 natus.

149 3542 260 3592 Roboris
275 3557 332 3592 esse
353 3542 443 3602 videt3
462 3548 556 3604 terras,
576 3542 756 3605 bominumque
775 3540 878 3589 labores
937 3542 997 3593 Qun
1011 3541 1085 3591 simul
1101 3542 1215 3590 obvertit
1225 3557 1395 3604 saevameum
1412 3544 1507 3592 lumine
1518 3547 1706 3606 wentenum

149 3611 289 3674 i'erspicit.
326 3610 457 3661 Arcadiae
471 3618 558 3662 tamen
575 3618 616 3659 est
632 3610 773 3672 impensior
790 3608 826 3658 illl
862 3611 913 3659 408
937 3610 1040 3660 Scilicet
1058 3611 1106 3660 hoe
1127 3625 1204 3659 uuum
1224 3614 1349 3673 restabat,
1368 3613 1497 3675 adultera,
1515 3612 1591 3675 disit,

150 3681 220 3731 (lura
232 3695 312 3741 suae;
331 3679 477 3744 fontesque,
497 3687 524 3728 et
539 3678 654 3728 nondum
672 3677 797 3727 audentia
809 3677 862 3726 labi
939 3680 976 3729 Ut
993 3677 1106 3729 secunda
1122 3677 1201 3741 fores,
1217 3680 1344 3745 fieretque
1367 3682 1459 3730 iniuria
1479 3686 1556 3744 partu

149 3748 270 3799 Flumina
287 3749 413 3798 restituitr
434 3749 481 3797 dat
501 3756 588 3796 terrae
599 3748 725 3809 gramina,
738 3743 844 3795 frondes
886 3767 889 3771 ⁴
938 3749 1017 3808 Nota,
1032 3748 1152 3812 lorisque
1167 3750 1217 3798 mei
1236 3756 1359 3800 testatum
1380 3750 1495 3800 dedecus
1514 3755 1593 3801 esset.

150 3817 304 3879 Arboribus,
323 3819 456 3880 laesasque
468 3817 540 3865 lubet
555 3818 715 3865 revirescere
729 3815 815 3864 siivas.
938 3817 1017 3867 Haud
1032 3819 1137 3880 impune
1152 3816 1236 3867 feres!
1254 3819 1365 3868 adimam
1378 3819 1423 3868 tibi
1438 3834 1533 3882 nempe
1547 3819 1667 3882 liguram,

151 3886 220 3935 Dum
237 3885 316 3949 redit,
334 3888 405 3949 itque
420 3885 552 3949 l'requens,
571 3885 596 3933 iu
618 3885 717 3947 virgine
729 3884 880 3935 Nonacrina
939 3887 997 3937 Qua
1004 3887 1367 3952 tibi,quaqeeplacesuostro,
1375 3888 1531 3951 importuna,
1540 3889 1704 3941 maritmdlb

150 3954 256 4012 Haesit,
270 3960 298 4004 et
321 3955 421 4018 accepti
440 3956 544 4004 caluere
563 3954 610 4002 sub
629 3954 729 4005 ossibus
744 3952 827 4016 ignes.
863 3956 915 4004 410
938 3955 1027 4015 ulain
1048 3962 1083 4018 et,
1101 3955 1211 4004 adversa
1227 3959 1328 4020 prensis
1341 3973 1357 4006 a
1374 3957 1459 4006 fronte
1476 3958 1586 4019 capillis,

151 4024 211 4074 Non
225 4030 282 4072 erat
298 4024 372 4073 huius
387 4038 452 4086 opus
467 4026 552 4073 lanam
572 4024 670 4071 mollire
687 4020 825 4084 trahendo,
938 4024 1037 4073 Stravit
1053 4025 1124 4072 bnmi
1145 4040 1263 4086 pronam.
1298 4025 1436 4075 Tendebat
1455 4028 1560 4076 brachia
1573 4027 1704 4089 suppleas

154 4094 211 4141 Nee
222 4093 307 4154 positu
321 4095 421 4142 variare
438 4108 534 4142 comas.
572 4091 622 4140 Ubi
639 4091 717 4140 fibula
735 4097 844 4154 vestem,
940 4093 1051 4141 Brachia
1065 4101 1208 4157 coeperunt
1219 4095 1297 4155 nigris
1315 4095 1467 4145 horrescere
1480 4096 1555 4155 viliis,

154 4161 230 4211 Vitta
245 4167 396 4210 coercuerat
414 4163 546 4223 neglectos
561 4163 619 4210 alba
634 4162 750 4223 capillos,
939 4162 1099 4226 curvarique
1111 4177 1210 4224 manus,
1231 4169 1258 4211 et
1274 4163 1389 4213 aduncos
1402 4179 1520 4214 erescere
1533 4165 1558 4212 in
1574 4177 1684 4225 ungnes,

153 4230 189 4279 lit
200 4229 276 4279 modo
293 4232 352 4279 leve
363 4231 652 4288 manniaculum,modo
663 4234 915 4292 sumpseratareum;
939 4228 1082 4294 Officioque
1098 4230 1194 4292 pedum
1219 4228 1299 4293 iungi,
1315 4234 1472 4299 laudataque
1486 4233 1615 4298 quondam
1650 4235 1706 4285 480

152 4299 230 4348 Miles
249 4306 306 4349 erat
321 4299 460 4348 Phoebes:
480 4313 529 4346 noc
547 4299 686 4348 Maenalon
701 4299 788 4362 attigit
800 4298 851 4345 ulla
864 4300 915 4346 418
940 4299 995 4349 Ora
1008 4298 1073 4360 lovi,
1085 4300 1138 4348 lato
1152 4299 1210 4349 lieri
1221 4299 1346 4350 deformia
1359 4304 1434 4352 rictu.
1690 4300 1696 4309 “

151 4368 259 4419 (iratior
273 4370 321 4417 isac
337 4368 449 4417 Triviae.
486 4366 538 4415 Sed
554 4369 625 4416 nulla
643 4369 759 4429 potentia
776 4367 854 4429 longa
865 4371 916 4417 est.
940 4368 1014 4416 Neve
1030 4382 1121 4429 preces
1132 4369 1240 4431 animos,
1262 4377 1289 4419 et
1307 4372 1387 4421 verba
1402 4372 1519 4434 potentis
1532 4372 1651 4430 flectant,

80 4436 92 4503 J
152 4437 269 4487 Ulterius
282 4437 369 4485 medio
382 4437 494 4498 spatium
516 4436 560 4483 Sol
581 4438 649 4485 altus
664 4438 793 4495 lralrebat3
940 4438 1021 4487 Posse
1036 4437 1105 4500 loqui
1122 4437 1240 4500 eripitur.
1276 4440 1335 4489 Vox
1352 4441 1487 4500 iracunda,
1501 4442 1650 4505 minaxque,

83 4502 88 4523 '¹
154 4506 240 4557 Ouum
253 4507 321 4555 subit
331 4507 375 4554 iila
387 4518 486 4565 nemus,
502 4503 571 4568 quod
586 4506 657 4552 nulla
669 4504 800 4554 ceciderat
816 4509 899 4554 aetas.
940 4505 1074 4569 Plenaque
1094 4508 1199 4556 terroris
1214 4523 1293 4558 rauco
1312 4508 1345 4557 de
1366 4515 1471 4571 gutture
1486 4509 1579 4560 fertur.

155 4574 236 4625 Esnit
250 4576 291 4625 hic
307 4575 415 4623 humero
432 4574 591 4637 pharetram,
610 4575 746 4639 lentosque
765 4573 882 4623 retendit
940 4575 1018 4624 Mens
1028 4575 1135 4639 antiqua
1150 4575 1421 4642 tamenfactaquoqne
1432 4579 1560 4628 mansitiu
1572 4593 1641 4640 ursa,
1651 4580 1705 4629 408

155 4643 258 4704 Areum
275 4645 353 4708 inqae
366 4644 431 4705 solo,
445 4640 513 4707 quod
528 4650 632 4693 texerat
642 4644 732 4706 herba,
744 4642 856 4706 iacebat,
865 4647 916 4695 480
941 4643 1105 4707 Assiduoque
1126 4659 1186 4695 suos
1204 4647 1300 4708 gemitu
1315 4653 1412 4696 testata
1424 4646 1537 4709 dolores,

154 4712 189 4761 Bt
204 4713 299 4774 pictam
317 4713 403 4776 posita
421 4713 569 4775 pharetram
585 4714 687 4762 cervice
701 4710 846 4776 premebat.
941 4714 1150 4776 Qualescnnrque
1168 4729 1260 4764 manus
1279 4715 1314 4764 ad
1331 4716 1431 4764 eoelum
1448 4723 1477 4765 et
1489 4717 1576 4767 sidera
1591 4717 1669 4779 tollit,

153 4781 255 4844 iupiter
271 4788 299 4830 ut
309 4783 373 4832 vidit
388 4781 492 4843 lessam,
505 4786 533 4830 et
544 4781 652 4832 custode
665 4788 817 4832 vacantemr
940 4782 1127 4846 ingratumque
1142 4782 1242 4846 lovem,
1254 4789 1369 4847 nequeat
1379 4799 1456 4849 quum
1468 4785 1567 4849 dicere,
1578 4787 1669 4836 sensit,

153 4850 214 4901 Hoc
228 4858 300 4900 certe
315 4853 409 4902 coniux
422 4851 519 4902 tartum
535 4864 593 4900 mea
608 4852 719 4909 nesciet,
732 4849 832 4915 lnquit,
941 4850 984 4900 Ab
998 4851 1109 4915 quoties,
1126 4852 1182 4901 sola
1193 4866 1244 4902 non
1265 4867 1328 4901 ause
1343 4854 1476 4916 quiescere
1492 4857 1565 4917 silva,

154 4919 210 4971 Aut
227 4919 248 4969 sl
262 4921 391 4984 rescierit,
407 4928 467 4970 sunt
486 4935 513 4984 o,
524 4924 585 4970 eant
600 4919 683 4982 iurgia
694 4920 778 4970 taatit
941 4921 1012 4970 Ante
1022 4919 1136 4983 domum,
1149 4920 1332 4987 quondamque
1344 4923 1396 4974 suis
1409 4925 1507 4975 erravit
1518 4926 1544 4973 ia
1555 4921 1639 4984 agris!
1652 4926 1705 4972 400

209 5084 249 5127 tls
264 5090 292 5125 ar
305 5085 372 5128 aridis
387 5085 463 5128 nolle
476 5086 536 5131 esni
591 5088 629 5132 181
644 5085 751 5130 tactsalt
769 5086 849 5131 uam
862 5096 882 5130 e.
936 5071 978 5131 488
991 5083 1064 5131 seria
1081 5091 1209 5143 precastis
1223 5088 1287 5137 cedd
1301 5090 1352 5137 Em.
1367 5091 1445 5138 Bnrn.
1465 5098 1545 5138 traces
1559 5093 1648 5138 aslues
1659 5102 1704 5146 per

154 5137 226 5183 verba
239 5150 303 5196 pree.
312 5141 398 5194 ροισι
414 5141 444 5186 11.
457 5154 478 5187 e.
