3586 5498
114 256 190 329 ”¹¹
384 279 416 329 P.
441 279 584 326 DViDii
617 279 802 325 MSDb‘iS
827 280 881 326 DE
904 279 1016 325 darn
1049 278 1219 325 suenni
1247 278 1328 325 niu.
1353 279 1390 324 li.

115 450 219 513 Arguat
237 456 265 499 et
282 447 377 498 macies
391 447 514 509 animum,
534 461 583 498 nec
607 450 683 511 turpe
701 448 812 511 putaris,
904 449 1048 509 Οομιιιιιιι
1063 448 1222 514 fratremque
1239 464 1312 511 eave,
1324 463 1463 515 carumque
1478 448 1619 509 sodsieaac

152 520 289 569 Palliolum
305 516 393 566 nitidis
405 517 557 578 imposuisse
568 519 656 566 comis.
939 519 1080 567 Praebebit
1093 532 1167 566 veros
1182 520 1247 567 baec
1267 519 1312 567 tibi
1324 519 1400 568 turba
1416 528 1509 569 metas.

116 587 264 638 Anenuenr
285 587 405 634 iuvenum
416 586 536 647 vigilatae
549 601 660 648 corpora
677 592 777 648 noctes,
828 590 879 636 ise
906 587 1036 636 Finiturus
1054 601 1140 646 eram;
1157 586 1203 636 sed
1219 594 1280 636 snut
1293 588 1397 637 diversa
1411 589 1504 651 puellis
1621 590 1680 636 m

150 656 281 720 Curaque,
296 662 324 703 et
339 669 354 702 e
370 668 463 716 mmo
477 655 520 718 qui
535 653 564 705 iil
576 669 664 703 amore
675 654 758 705 dolor.
939 656 1061 719 Pectora,
1080 656 1147 704 mille
1166 655 1264 704 animos
1278 656 1371 718 excipe
1385 659 1454 706 mille
1474 657 1564 705 modis.

116 724 154 774 Ut
167 734 226 774 soto
240 723 339 795 potiare
355 729 410 783 tuo,
428 723 579 773 miserabilis
598 731 670 784 esto;
906 725 962 774 Nec
974 725 1050 772 telius
1062 724 1154 773 eadem
1170 725 1238 787 parit
1253 725 1356 773 omnia:
1372 726 1465 775 vitibus
1480 727 1524 774 iila

150 794 196 853 Ul,
211 794 254 857 qni
274 800 299 840 te
318 791 416 853 rideat,
435 791 524 841 dicere
543 793 638 856 possit:
660 793 749 842 Anas.
940 793 1084 852 Convenit3
1104 794 1169 841 baec
1185 795 1264 852 oleis;
1280 796 1329 842 bac
1346 795 1413 842 bene
1430 794 1499 843 farra
1516 795 1613 842 vireat.

116 863 276 927 Dcaqaerar,
289 876 322 909 ιιι
339 873 468 922 moneam,
479 861 588 911 nahtam
601 860 726 910 insomne
737 858 880 925 nefasquel
906 862 1058 911 Pectoribus
1072 874 1156 911 mores
1172 869 1212 911 tot
1225 870 1293 922 sunt,
1310 865 1407 927 quotis
1420 866 1482 912 orbe
1496 862 1627 925 liguraer

151 932 251 981 Nomen
270 929 383 978 amicilia
400 937 450 990 est,
468 944 561 979 nomen
580 931 658 980 insue
675 929 752 979 fides.
828 932 880 978 lio
939 931 991 980 Qui
1003 931 1080 992 sapit.
1095 931 1234 979 innumeris
1255 932 1366 981 moribus
1382 941 1459 995 aptus
1477 934 1536 990 erit,
1622 934 1678 983 ιω

115 998 168 1049 iiei
187 999 258 1061 mibi,
275 1013 326 1046 non
338 1003 421 1046 tulum
436 998 650 1063 est,quodames,
662 998 770 1048 laudare
783 997 878 1048 sodali!
906 999 991 1063 thue
1006 1001 1078 1048 leves
1101 1000 1212 1048 Proteus
1228 1000 1302 1048 modo
1314 1015 1342 1049 se
1357 1002 1474 1049 tenuabit
1492 1002 1516 1048 in
1534 999 1631 1059 undas,

152 1070 238 1120 Quum
256 1067 303 1116 libi
322 1065 440 1116 laudanti
458 1068 580 1128 credidit,
598 1068 654 1130 ipse
673 1068 749 1117 subit.
941 1069 1017 1117 Nune
1034 1069 1084 1125 leo,
1100 1083 1168 1116 nsrnc
1185 1070 1270 1126 arbor,
1288 1084 1357 1117 nrrnc
1371 1071 1421 1119 erit
1436 1072 1518 1119 birrus
1533 1084 1609 1131 aper.

116 1137 156 1187 At
174 1151 224 1186 soa
244 1134 383 1186 Actorides
401 1136 497 1185 lectum
515 1137 654 1186 temeravit
673 1135 796 1185 Achillis:
906 1136 1037 1185 iiiiacuio
1052 1137 1144 1199 pisces,
1163 1138 1198 1184 ilii
1213 1139 1351 1200 capiuntur
1366 1140 1399 1186 ab
1416 1140 1512 1198 bramis,

152 1207 285 1258 Quantum
304 1202 337 1254 ad
357 1203 510 1265 Pirithoum,
528 1205 650 1255 Pbaedra
668 1203 762 1268 pudiea
781 1202 839 1254 fult.
940 1205 996 1254 iios
1012 1219 1078 1255 casa
1094 1212 1215 1254 contento
1229 1207 1294 1255 retia
1311 1204 1373 1255 t'une
1389 1210 1504 1256 trabunt.

116 1274 278 1326 Hermionen
291 1271 414 1336 Pylades,
428 1289 478 1338 quo
491 1273 601 1323 Pallada
609 1274 739 1333 Pbuebns,
759 1273 879 1333 amabat,
906 1273 962 1322 Nee
980 1274 1026 1322 tibi
1035 1275 1285 1324 conveulatcuuetos
1294 1275 1383 1324 modus
1392 1292 1457 1326 nans
1465 1276 1499 1325 sd
1511 1276 1678 1323 anamim

153 1344 281 1408 Quodque
298 1341 343 1391 tibi
356 1343 482 1404 geminus,
491 1342 620 1406 Tyndari,
634 1342 727 1392 Castor
744 1347 811 1391 erat.
941 1342 1053 1405 longius
1069 1343 1173 1392 insidias
1189 1357 1268 1392 cerva
1283 1343 1380 1394 videbit
1393 1361 1467 1394 auus.

117 1412 146 1462 st
162 1412 220 1478 qais
232 1412 301 1460 idern
315 1415 414 1473 sperat,
433 1412 545 1460 iacturas
555 1426 633 1474 poma
648 1411 757 1474 myricas
905 1410 933 1460 st
947 1410 1038 1460 doctus
1052 1411 1157 1460 videare
1173 1412 1240 1470 rudi,
1257 1414 1411 1474 petulansve
1432 1411 1553 1477 pudenti,

153 1482 258 1544 Speret,
276 1486 304 1528 et
321 1494 336 1527 e
352 1478 437 1528 medio
450 1480 556 1529 tiumiue
570 1481 647 1529 mella
660 1485 743 1542 petat.
940 1477 1048 1528 Diffidet
1067 1482 1176 1529 miserae
1193 1482 1309 1543 protinus
1325 1483 1368 1530 illa
1385 1483 1442 1532 sibi.

118 1549 172 1606 bil.
183 1550 231 1599 nisi
245 1556 320 1613 turpe
330 1547 402 1597 iurat
412 1563 420 1608 ς
432 1562 511 1598 curas
529 1554 569 1598 est
580 1564 627 1597 sus
640 1549 732 1612 cuique
744 1546 878 1609 uoluptas:
906 1547 972 1597 inde
984 1546 1024 1609 tit,
1039 1554 1076 1609 nt,
1089 1564 1156 1613 qnae
1170 1550 1290 1600 setimnit
1303 1552 1464 1600 committere
1481 1553 1603 1609 bonaso,

70 1669 75 1681 ,
153 1618 230 1668 ilaec
248 1630 348 1682 qnoque
364 1617 397 1665 ab
410 1617 603 1681 alterinsgrsla
617 1616 707 1666 dolore
723 1616 802 1666 uenit.
829 1618 880 1664 illd
939 1616 1042 1665 Vilisin
1056 1620 1191 1680 ampiexus
1207 1618 1400 1670 interturbent.
1622 1621 1679 1667 710

119 1687 182 1737 ileu
197 1685 310 1736 ιιοιιιιιι
325 1699 376 1734 uon
389 1693 430 1736 est
443 1688 523 1736 bostis
538 1684 694 1735 metuendas
706 1684 820 1737 amanti:
905 1684 970 1735 Pars
982 1693 1090 1748 superat
1097 1688 1192 1750 coepti,
1205 1702 1266 1749 pars
1280 1694 1321 1737 est
1333 1689 1461 1738 eabsusta
1472 1687 1586 1736 laboris:

155 1759 228 1807 ileos
240 1754 326 1805 caedis
339 1753 416 1818 fidos,
433 1755 529 1819 effuge,
541 1761 613 1805 tatus
631 1755 691 1805 eris.
939 1753 991 1804 iiic
1008 1761 1100 1806 teneat
1113 1763 1216 1807 nostras
1230 1757 1345 1806 anebora
1360 1758 1429 1808 iacta
1443 1764 1522 1806 rates.

498 2002 763 2079 LIBER
827 2000 1289 2079 SECUNDUS.

120 2202 207 2253 Dicite
219 2202 243 2251 io
259 2202 359 2261 Paean,
376 2208 404 2252 et
419 2201 452 2264 lo,
465 2201 504 2251 bis
519 2201 608 2261 dicite,
629 2198 735 2249 Paean!
909 2201 963 2250 Per
980 2200 1062 2264 styga
1080 2201 1157 2251 detur
1174 2201 1237 2251 iter:
1257 2201 1360 2265 Stygias
1379 2200 1538 2251 trunabirnus
1556 2197 1660 2251 nodas!

157 2271 261 2320 Decidit
274 2271 298 2319 iu
310 2285 397 2319 meses
414 2270 513 2333 praeda
531 2271 614 2332 petita
624 2283 704 2319 uscos.
944 2269 1012 2318 Sunt
1028 2268 1089 2319 mibi
1107 2275 1216 2319 naturae
1234 2271 1290 2320 iura
1307 2269 1428 2320 novanda
1447 2283 1535 2325 meae;

121 2339 218 2390 laetas
229 2354 318 2389 amans
331 2339 411 2388 donat
426 2339 501 2388 viridi
517 2354 575 2387 mea
587 2339 702 2388 carmina
716 2339 818 2401 palum
910 2338 1045 2400 ingenium
1055 2340 1331 2401 malasaepemovent.
1350 2340 1415 2390 Quis
1421 2338 1543 2388 crederet
1551 2350 1681 2401 unquam,

156 2408 296 2459 Prseieror
308 2409 423 2458 Ascraeo
436 2409 607 2472 Maeonioque
626 2408 690 2456 seni.
948 2407 1185 2466 sermomonem
1204 2422 1313 2470 carpere
1333 2422 1409 2471 posse
1429 2409 1500 2455 riast

120 2477 191 2528 ‘Palis
205 2479 238 2527 ab
253 2477 378 2526 armiferis
397 2477 539 2525 Priameius
557 2477 651 2537 hospes
666 2474 781 2536 Amyclis
870 2479 885 2522 il
910 2474 1054 2537 Remigium
1072 2476 1189 2523 volucres
1207 2475 1321 2538 disponit
1338 2476 1363 2525 in
1382 2475 1472 2524 ordine
1492 2487 1602 2538 pennas,
1644 2477 1680 2523 di

157 2546 277 2596 eradius
289 2561 346 2596 cum
360 2554 436 2608 rapta
452 2546 561 2606 coniuge
576 2544 634 2592 vela
656 2542 738 2592 dedit.
945 2543 979 2592 Et
996 2544 1054 2591 leve
1067 2558 1115 2606 per
1127 2543 1172 2592 lini
1190 2546 1292 2593 vincula
1302 2546 1385 2593 nectit
1396 2559 1479 2606 opus,

121 2616 192 2666 Talis
208 2620 276 2675 erat,
288 2616 332 2678 qui
346 2620 372 2662 te
389 2627 465 2662 curro
480 2614 577 2661 victore
591 2610 704 2670 serebat,
911 2610 1018 2675 imaque
1035 2625 1096 2675 pars
1118 2613 1185 2660 ceris
1196 2613 1366 2675 adstringitur
1381 2614 1441 2676 igne
1457 2612 1556 2671 solutis,

158 2684 241 2733 Vecta
257 2683 401 2745 peregrinis
413 2681 588 2744 Hippodamia
604 2679 676 2728 rotis.
945 2679 1097 2744 Finitusque
1110 2696 1192 2730 novae
1206 2683 1256 2731 iam
1269 2683 1342 2731 labor
1360 2683 1424 2731 artis
1437 2687 1504 2730 erat.

124 2751 196 2806 nale
208 2764 344 2817 properas,
356 2751 472 2799 iuveniat
489 2749 579 2798 mediis
596 2754 641 2797 tus
660 2748 734 2809 pinus
748 2747 773 2796 ln
792 2745 869 2796 nudis
909 2748 1052 2798 'i'ractabst
1066 2763 1205 2814 ceramque
1219 2766 1283 2813 puer
1298 2765 1450 2815 pennasque
1467 2747 1600 2805 renidens,

158 2820 281 2881 risitque,
295 2825 322 2867 et
337 2820 423 2880 longe,
440 2833 516 2882 quera
531 2824 603 2880 peto,
618 2823 707 2878 portus
720 2816 803 2866 abest.
854 2819 887 2866 io
947 2817 1055 2867 Nescius
1074 2819 1138 2868 baec
1152 2820 1264 2868 ilumeris
1285 2835 1357 2869 arma
1370 2825 1464 2882 parata
1480 2818 1541 2867 suis.
1644 2820 1681 2865 b·

123 2888 183 2940 itm
201 2889 263 2937 satis
276 2893 317 2936 est
333 2889 434 2935 senisse
449 2887 494 2935 tibi
510 2901 551 2935 mc
571 2891 631 2934 vate
644 2886 770 2947 puellam:
911 2884 960 2934 cni
974 2893 1060 2948 pater,
1076 2886 1134 2943 iiis,
1148 2889 1239 2952 inquit,
1251 2889 1336 2952 patria
1351 2895 1390 2938 est
1405 2887 1528 2938 adeunda
1540 2883 1655 2946 carinis3

160 2956 227 3008 Arre
240 2970 298 3004 mea
315 2964 392 3018 capta
410 2963 466 3015 est;
488 2961 546 3003 arte
561 2953 676 3003 tenenda
689 2968 747 3002 mea
768 2959 818 3003 est.
947 2953 1006 3003 iiac
1018 2955 1090 3002 nobis
1103 2956 1187 3005 bilaos
1200 2956 1364 3020 effugiendus
1382 2972 1441 3020 ope.

125 3026 183 3078 ltee
199 3026 282 3074 minor
299 3031 338 3073 eat
354 3025 444 3084 virtus,
458 3039 534 3088 qnam
548 3036 685 3087 quaerere,
698 3029 773 3085 parta
786 3021 870 3072 meri:
913 3022 985 3072 Aera
999 3037 1049 3071 non
1068 3025 1152 3087 potuit
1167 3026 1262 3087 illinus,
1276 3027 1326 3074 alia
1342 3027 1427 3074 omnia
1440 3024 1547 3073 elausits

160 3094 242 3144 Casus
254 3094 322 3141 inest
332 3093 392 3153 illic,
405 3093 446 3141 bie
458 3094 509 3142 erit
522 3094 585 3141 artis
596 3107 669 3155 opus.
948 3091 1033 3142 Quem
1047 3093 1116 3152 licei,
1130 3093 1241 3142 inuentis
1258 3109 1320 3143 aera
1333 3108 1422 3158 rumpe
1436 3092 1507 3142 meis.

126 3163 284 3218 Nuucmibi.
298 3161 445 3227 siquando,
461 3175 526 3225 pser
543 3169 569 3210 et
581 3160 722 3224 Cytberea,
735 3157 888 3220 teretesitl
912 3159 965 3210 Sed
985 3159 1030 3208 tibi
1048 3175 1097 3210 uec
1116 3162 1187 3224 virgo
1203 3164 1334 3225 Tegeaea,
1347 3177 1483 3226 comesque
1500 3162 1599 3209 Bootae
1646 3162 1683 3208 ⁸⁸

162 3232 239 3282 Nune
254 3231 348 3280 Erato:
365 3246 424 3279 nam
439 3237 466 3279 tu
479 3245 571 3279 nonen
589 3230 682 3278 amoris
695 3229 785 3277 babes.
952 3228 1062 3290 Ensiger
1074 3229 1154 3279 Orion
1173 3230 1356 3294 adspiciendus
1373 3232 1435 3280 eriis

125 3300 224 3361 lisano
237 3315 316 3363 paro:
330 3314 393 3364 quas
410 3299 586 3362 possisnam
600 3312 736 3346 remanere
749 3311 797 3360 per
809 3302 889 3358 artes,
912 3296 960 3346 iic
975 3298 1068 3360 pesms
1084 3307 1184 3348 sectare
1197 3300 1274 3361 datis,
1287 3314 1335 3362 ego
1351 3299 1471 3362 praevius
1481 3298 1537 3346 ibo:
1607 3350 1610 3357 ,

163 3370 265 3427 Dicere,
284 3377 336 3417 tem
356 3374 428 3418 vasto
446 3381 575 3431 pervagus
593 3369 655 3416 orbe
677 3380 750 3430 puer.
947 3366 988 3414 bis
1006 3373 1051 3414 tna
1068 3381 1130 3415 cura
1149 3369 1230 3433 sequi,
1249 3384 1290 3417 me
1308 3368 1374 3417 duce
1393 3375 1463 3418 lntns
1482 3367 1542 3415 eris.

126 3437 162 3488 Et
180 3438 243 3488 ieris
260 3445 309 3496 est,
325 3443 352 3487 et
368 3438 447 3487 babet
459 3438 584 3500 geminas,
608 3437 699 3501 quibus
712 3437 808 3497 avolet,
816 3435 888 3484 alas:
914 3434 982 3483 Nam
1000 3433 1053 3483 sive
1071 3437 1201 3486 aetherias
1218 3438 1301 3487 vicino
1320 3439 1374 3487 soie
1393 3452 1440 3501 per
1459 3449 1535 3486 auras

165 3506 273 3555 Difficile
293 3512 332 3554 est
343 3506 390 3556 iliis
406 3507 556 3570 imposuisse
573 3505 686 3555 modum.
856 3507 890 3552 ιι
950 3501 1055 3563 ibimus,
1073 3505 1211 3570 impatiens
1230 3522 1290 3557 cera
1308 3508 1402 3556 caloris
1420 3507 1477 3555 erit.
1611 3509 1614 3512 ⁴
1645 3505 1684 3552 0⁰

128 3576 246 3638 Hospitis
260 3574 363 3635 effugio,
383 3581 580 3638 praestruxerat
594 3575 680 3622 omnia
700 3571 806 3632 bilnos;
914 3570 974 3620 stre
993 3572 1101 3622 bamiles
1119 3577 1241 3640 propiore
1260 3575 1327 3626 freto
1345 3575 1496 3626 iactabimus
1514 3572 1578 3629 aias,

84 3646 88 3652 '
165 3643 299 3694 Audacem
320 3645 411 3706 pennis
424 3643 523 3706 reperit
538 3643 582 3691 iiie
600 3643 676 3692 riam.
949 3639 1052 3691 Mobilis
1066 3646 1200 3707 aequoreis
1218 3661 1305 3710 penna
1324 3645 1456 3693 madescet
1473 3641 1553 3704 aquis.

129 3712 261 3762 Daedalus
274 3718 302 3760 ιιι
316 3712 409 3761 cisasit
418 3717 572 3774 conceptu·
585 3711 690 3759 crimine
702 3707 791 3757 matris
916 3708 990 3758 iuter
1001 3715 1138 3776 utrumque
1152 3716 1227 3776 voia;
1245 3720 1336 3763 ventos
1351 3726 1460 3777 quoque,
1483 3715 1555 3765 nate,
1570 3707 1685 3770 timeteg

164 3779 377 3842 Sesaitmemqnc
392 3780 473 3828 viram
493 3778 691 3841 semivirumque
712 3777 821 3826 bovem:
951 3778 1061 3843 Quaque
1075 3777 1163 3831 ferent
1174 3797 1263 3842 aurae,
1282 3782 1339 3828 sela
1358 3777 1472 3828 secunda
1490 3775 1561 3824 dato.

130 3847 271 3899 uitandus
284 3849 384 3908 exsilio,
394 3847 468 3908 distr,
482 3847 618 3897 iustissime
633 3846 736 3906 biinos;
858 3847 892 3893 il
916 3846 982 3895 Dum
991 3855 1168 3912 monebaptst
1177 3864 1241 3913 opus
1250 3840 1684 3912 praetereuntiumquemorelius

168 3918 287 3979 Accipiat
300 3918 401 3966 eineres
415 3925 484 3966 terra
496 3922 607 3979 paterna
625 3928 705 3964 meos.
952 3915 1046 3966 Erudit
1065 3918 1181 3967 infirmas
1200 3924 1229 3967 ut
1247 3931 1293 3966 sua
1310 3922 1393 3965 mater
1411 3927 1482 3962 aves.

132 3987 167 4038 Bt
181 3987 300 4049 qnoniam
317 3988 342 4035 in
360 3984 528 4048 psalmistis
543 3981 771 4047 adreiustutqu,
917 3981 985 4033 inde
1003 3985 1052 4034 sibi
1069 3985 1152 4036 iactas
1171 3987 1283 4036 humeris
1301 3982 1478 4034 accommodat
1495 3982 1561 4042 slas,

168 4056 265 4103 Vis-ere
282 4070 332 4102 non
348 4056 428 4117 potul,
442 4056 476 4105 sit
488 4054 548 4104 mibi
565 4067 641 4117 posse
655 4052 727 4102 mori.
952 4053 1056 4118 Perque
1074 4070 1168 4103 norum
1187 4053 1277 4104 timide
1295 4068 1403 4116 corpora
1421 4054 1499 4101 librat
1516 4050 1575 4098 iter.

134 4126 175 4174 Da
192 4123 301 4172 reditum
316 4137 406 4184 puero,
425 4124 493 4172 senis
506 4130 548 4173 est
561 4123 581 4172 si
593 4122 677 4185 gratis
691 4121 761 4170 vilis:
853 4157 854 4161 ,
918 4120 1025 4187 iainque
1043 4124 1176 4171 volaturus
1192 4136 1273 4185 paruo
1291 4120 1366 4171 dedit
1382 4123 1469 4170 oscula
1487 4124 1558 4180 nato,

169 4193 197 4241 st
208 4205 259 4240 noa
277 4191 314 4239 ris
333 4205 413 4252 puero
428 4206 546 4254 parcere,
558 4206 636 4254 parce
656 4190 720 4239 seni.
860 4191 894 4235 ld
940 4190 1009 4239 ‘Nec
1027 4191 1128 4254 patriae
1146 4192 1264 4241 lacrimas
1283 4192 1435 4240 continuere
1453 4201 1545 4251 genae.
1646 4189 1684 4236 '10

134 4263 244 4312 Discunt
264 4260 342 4318 baee3
367 4259 413 4307 sed
431 4265 459 4309 et
470 4262 544 4319 baec,
563 4266 590 4309 el
613 4261 693 4307 multo
707 4258 783 4322 plura
800 4256 895 4305 licebat
917 4257 1009 4307 Monte
1029 4259 1111 4308 minor
1127 4259 1209 4319 collis,
1227 4260 1323 4324 campis
1342 4266 1399 4308 erat
1416 4258 1492 4308 altior
1510 4254 1615 4319 aequis:

170 4331 278 4378 Dicere:
295 4341 487 4389 regressnsnon
502 4329 582 4376 dabat
597 4329 640 4376 ilie
654 4329 716 4376 viro.
857 4376 860 4381 ⁴
953 4326 1024 4376 iilne
1042 4327 1105 4377 data
1123 4334 1183 4377 surrt
1201 4329 1310 4378 miserae
1328 4343 1437 4391 corpora
1456 4327 1517 4375 bina
1534 4323 1621 4386 fugae.

134 4398 211 4450 Quod
222 4398 294 4447 simol
306 4411 337 4444 ac
344 4397 434 4455 sensit,
447 4393 573 4457 Nunc,oi
588 4409 665 4451 nnnc,
681 4394 809 4456 Daedale,
819 4393 895 4454 dixit,
920 4396 954 4445 Et
972 4400 1057 4445 mosel
1074 4397 1130 4460 ipse
1149 4412 1217 4457 suas,
1236 4402 1263 4447 et
1280 4398 1336 4447 nati
1353 4397 1459 4460 respicit
1476 4396 1531 4443 alas

169 4467 317 4524 bisteriorn,
337 4465 434 4528 quasis
455 4464 611 4527 ingeniosus,
623 4464 712 4512 babes.
952 4462 1096 4526 Daedalus,
1114 4471 1142 4515 et
1159 4480 1248 4517 cursus
1265 4465 1377 4516 sustinet
1395 4479 1475 4528 usqne
1494 4475 1562 4510 suas.

134 4534 256 4586 Possidet
270 4549 312 4592 en,
328 4541 421 4591 terras,
435 4540 463 4582 et
478 4529 594 4595 possidet
610 4544 724 4595 aequora
740 4531 841 4581 Minos:
862 4537 894 4583 ιε
918 4531 1027 4595 Iamque
1044 4547 1138 4582 uorum
1157 4534 1273 4585 deiectat
1290 4537 1349 4597 iter,
1368 4535 1502 4597 positoque
1522 4531 1614 4579 timore
1648 4529 1683 4575 τι

172 4605 227 4654 b'ee
245 4605 320 4652 telins
338 4610 453 4662 orostrae,
471 4615 520 4651 aec
538 4607 613 4664 patet
630 4599 700 4648 enda
718 4597 805 4661 sagae.
953 4599 1044 4649 Icarus
1061 4601 1154 4652 audaci
1172 4601 1262 4653 lortius
1280 4610 1338 4653 erte
1358 4604 1436 4652 solat.

135 4672 230 4723 Restat
247 4674 297 4721 iter
315 4672 403 4720 coeio:
428 4671 501 4720 coeio
518 4669 675 4719 tentabimus
694 4666 746 4717 ire!
919 4669 975 4719 Hos
993 4667 1094 4732 ailquls,
1111 4672 1223 4720 tremula
1240 4671 1301 4722 dum
1319 4677 1408 4736 captat
1426 4667 1553 4719 arundine
1571 4666 1666 4729 pisces,

172 4743 211 4791 Da
229 4742 329 4790 reniam
349 4744 450 4802 coepto,
469 4739 569 4802 iupiter
586 4741 650 4797 alte,
668 4750 734 4786 meo.
954 4735 1038 4798 Vidit,
1055 4743 1083 4786 et
1100 4738 1230 4805 inceptum
1249 4737 1344 4789 dextra
1363 4739 1466 4802 reliquit
1483 4752 1557 4800 opus.

136 4810 195 4861 Non
214 4825 262 4872 eqo
281 4809 396 4858 sidereas
413 4807 509 4858 alieeto
526 4813 635 4867 tangere
653 4804 740 4865 sedes,
919 4805 976 4855 Iam
994 4804 1085 4854 samos
1102 4821 1118 4856 a
1135 4808 1211 4857 laeva
1228 4806 1333 4857 inerant
1351 4809 1490 4872 Naxosque
1510 4807 1625 4863 relictae,

172 4879 230 4930 (lna
250 4878 344 4939 iurgium
362 4877 502 4939 dominnm,
515 4876 596 4939 nulla,
616 4873 734 4935 slsllsta,
748 4872 790 4922 sla
802 4875 896 4925 esbdd
955 4872 991 4924 El
1008 4873 1100 4937 Puos,
1118 4881 1145 4926 et
1162 4876 1248 4926 Clario
1266 4876 1346 4926 Delos
1364 4884 1450 4927 amata
1468 4877 1535 4934 de03
1649 4872 1684 4918 ll·

192 5025 241 5069 bil.
256 5024 312 5069 iba
327 5025 407 5080 deaei,
421 5027 483 5071 aede
497 5023 579 5070 lisias.
592 5021 641 5066 mi
658 5022 792 5075 Praesens
805 5034 820 5065 a
833 5035 854 5066 s.
907 5022 934 5068 ll
948 5027 974 5067 ιι
988 5026 1073 5068 lsrras.
1084 5022 1125 5068 sle
1139 5023 1158 5067 i.
1211 5024 1239 5067 ⁴²
1253 5024 1308 5069 Stel
1323 5028 1429 5071 aonanlii
1443 5025 1511 5069 codd.
1529 5022 1569 5065 Sis
1583 5020 1601 5063 i.
1628 5017 1686 5084 §iat

135 5077 246 5191 ms,
258 5079 319 5188 qual
331 5080 445 5178 melas
459 5095 479 5127 s.
493 5080 576 5124 blesus
589 5075 648 5122 mibi
661 5076 779 5123 vuisaram
794 5090 836 5135 prs
851 5075 953 5124 bsuaas
966 5084 1075 5123 ιιιιιιι
1089 5076 1197 5124 lsdusrs.
1211 5078 1271 5126 bist.
1285 5081 1349 5137 viii,
1363 5084 1403 5126 isa
1416 5095 1466 5137 sqq.
1508 5079 1535 5123 bl
1554 5076 1605 5130 ⁰⁸·
1620 5073 1685 5117 ΙΝ·
