3586 5498
514 848 1279 930 novrnrrussonrs

311 1051 376 1156 H
479 1050 532 1158 E
639 1052 697 1155 R
803 1052 852 1154 0
959 1048 989 1152 1
1091 1046 1147 1149 D
1252 1042 1304 1147 E
1415 1043 1472 1148 S.

298 1286 325 1349 Ε
346 1287 371 1347 Ρ
393 1287 405 1347 Ι
427 1286 449 1346 S
470 1286 498 1346 Τ
521 1286 548 1347 0
570 1286 596 1348 L
618 1287 644 1348 A
691 1285 714 1346 1.
908 1287 963 1336 Iatn
977 1300 1051 1347 seges
1067 1290 1116 1341 est,
1138 1282 1270 1331 nbiTroia
1292 1280 1350 1341 fuit,
1368 1279 1563 1342 resecandaque
1583 1276 1653 1327 falce

117 1369 178 1473 Η
941 1356 1067 1403 Luxuriat
1085 1354 1198 1416 Phrygio
1216 1354 1342 1411 sauguine
1360 1351 1462 1413 pinquis
1481 1351 1581 1398 hurnus.

179 1436 229 1471 ane
246 1427 291 1472 tna
309 1424 444 1487 Penelope
463 1427 534 1473 lento
552 1425 598 1472 tibi
617 1423 705 1483 mittit,
724 1422 812 1486 Ulixe,
907 1425 1080 1486 Semisepulta
1102 1423 1184 1470 virum
1204 1422 1288 1469 ctrrvis
1304 1420 1431 1469 ferimstur
1444 1418 1536 1467 aratris
1636 1423 1668 1466 bb

152 1493 197 1540 Nil
215 1493 277 1540 mihi
295 1497 433 1551 rescribas,
453 1500 568 1542 attamen
590 1493 646 1555 ipse
664 1494 734 1541 ueni.
942 1494 1027 1541 Ossa:
1046 1493 1163 1539 ruinosas
1181 1490 1274 1539 occulit
1292 1491 1373 1538 herba
1392 1489 1490 1537 domos.

116 1561 193 1609 asota
212 1563 281 1609 iacet
298 1570 379 1621 certe,
400 1563 498 1610 Danais
518 1563 599 1609 invisa
618 1562 727 1623 puellis:
861 1582 868 1599 x
907 1563 997 1611 Vlctor
1011 1562 1091 1619 abes,
1112 1575 1159 1608 nec
1175 1559 1240 1607 scire
1258 1560 1329 1617 milri,
1349 1574 1415 1621 quae
1432 1571 1509 1604 causa
1526 1552 1653 1615 morandi,

153 1630 205 1677 Via
224 1630 342 1679 Priamus
361 1634 425 1680 tanti
445 1638 550 1694 totaque
568 1632 643 1678 Troia
662 1629 720 1678 suit.
942 1630 998 1679 Aut
1016 1632 1041 1678 ln
1061 1644 1110 1693 quo
1129 1631 1210 1676 lateas
1229 1626 1328 1675 ferreus
1346 1629 1418 1685 orbe,
1437 1627 1506 1673 lieet.

26 1702 31 1715 ⁸
118 1699 416 1764 Outinarntunc,qunm
428 1700 841 1763 Laeedacmnnaelassepetebat,
866 1706 881 1749 s
908 1700 1029 1763 Quisquis
1045 1699 1078 1747 ad
1100 1697 1430 1759 haecuertitpcreqrinam
1455 1696 1530 1742 litura
1553 1690 1672 1754 puppim,

153 1769 270 1816 Obrutus
288 1770 384 1818 insanis
403 1776 472 1817 esset
490 1769 593 1817 adulter
613 1766 701 1830 aquis!
944 1769 993 1817 Ille
1010 1768 1071 1815 mihi
1090 1766 1123 1814 de
1137 1773 1163 1815 te
1185 1768 1265 1813 rnulta
1281 1773 1384 1828 rogatus
1396 1765 1459 1812 abit.
1637 1764 1670 1808 dd

119 1836 178 1885 hieu
198 1851 246 1897 ego
264 1835 368 1887 deserto
387 1838 522 1886 iacuissem
540 1836 635 1898 frigida
658 1838 734 1897 lecto,
908 1839 1043 1900 Quamque
1058 1836 1103 1883 tibi
1116 1835 1220 1894 reddat,
1236 1835 1256 1881 si
1276 1834 1392 1882 ternodo
1409 1832 1634 1894 videritusqnam‚

155 1905 212 1952 Nee
231 1920 352 1968 quererer
370 1907 458 1955 tardos
478 1909 515 1954 ire
533 1909 623 1955 relicta
642 1905 714 1953 dies:
943 1906 1065 1954 Traditur
1084 1905 1143 1952 huic
1161 1903 1247 1965 digitis
1266 1905 1356 1952 charta
1375 1908 1464 1950 notata
1483 1901 1555 1948 nteis.

118 1974 177 2023 Nec
195 1974 265 2032 mihi,
283 1978 418 2038 quaerenti
437 1978 575 2037 spatiosam
594 1974 685 2022 tallere
704 1978 816 2035 noctem,
910 1977 963 2024 Nos
982 1975 1075 2036 Pylon,
1095 1973 1192 2035 antiqui
1211 1973 1304 2020 Neleia
1323 1971 1441 2020 Nestoris
1458 1985 1530 2027 arua,

155 2043 275 2090 Lassaret
296 2044 383 2093 viduas
402 2044 517 2106 pendula
536 2046 587 2092 tela
607 2058 706 2090 manus.
851 2045 882 2090 to
943 2043 1076 2091 Misimus:
1096 2043 1195 2089 incerta
1214 2047 1254 2089 est
1272 2040 1341 2089 fama
1359 2042 1465 2088 remissa
1484 2039 1560 2100 Pylo.

118 2111 232 2163 Quando
251 2127 300 2173 ego
319 2128 369 2161 non
388 2114 461 2160 timui
478 2114 597 2173 graviora
611 2113 726 2173 pericula
744 2110 832 2159 verint
910 2114 1025 2162 Misimus
1046 2117 1073 2158 et
1085 2111 1213 2171 Sparten:
1234 2110 1328 2171 Sparte
1344 2122 1445 2172 quoque
1465 2108 1551 2155 nescia
1565 2105 1672 2157 verilis

155 2181 207 2228 Res
227 2187 266 2228 est
285 2182 387 2228 solliciti
406 2183 485 2242 plena
503 2181 600 2228 timoris
618 2194 699 2227 amor.
944 2182 1017 2230 Quas
1035 2179 1135 2226 habitas
1154 2183 1237 2226 terras
1255 2185 1301 2226 aut
1319 2178 1360 2225 ubi
1381 2178 1465 2225 lentus
1485 2177 1565 2224 abest

119 2248 152 2299 la
171 2255 197 2296 te
215 2248 347 2309 fingebam
367 2250 493 2296 violentos
510 2250 590 2296 Troas
608 2248 703 2295 ituros:
910 2250 1003 2298 Utilius
1022 2253 1123 2295 starent
1142 2247 1218 2294 etiam
1238 2259 1306 2294 nunc
1324 2247 1425 2295 nrocnia
1444 2244 1553 2293 Phoebi.

64 2347 71 2358 ·
155 2318 266 2366 Nomine
285 2319 310 2364 in
330 2317 462 2364 Hectoreo
480 2316 578 2377 pallida
596 2330 699 2377 semper
717 2328 797 2363 eram.
839 2314 883 2377 [ts
946 2317 1047 2366 Irascor
1066 2314 1132 2363 uotis
1150 2315 1200 2362 heu
1220 2315 1283 2363 leuis
1302 2316 1358 2377 ipsa
1377 2312 1455 2363 meis!

120 2386 181 2436 Sive
195 2387 252 2448 quis
269 2385 436 2433 Antilochum
455 2384 578 2431 narrabat
591 2384 624 2431 ab
642 2383 757 2432 Hectore
768 2383 883 2444 cletum:
910 2387 1017 2444 Scirem,
1035 2384 1077 2432 nbi
1102 2398 1245 2445 pugnares:
1266 2388 1293 2432 et
1312 2389 1412 2433 tanturn
1433 2383 1501 2432 bella
1520 2382 1655 2439 timerem:

156 2453 310 2502 Antilochus
329 2453 410 2500 nostri
429 2468 506 2500 causa
525 2452 623 2500 timoris
642 2459 713 2500 erat:
945 2455 979 2502 Et
997 2468 1055 2500 mea
1073 2467 1130 2501 curn
1150 2453 1235 2500 multis
1254 2451 1341 2500 iuncta
1360 2453 1466 2516 querela
1485 2450 1561 2500 foret.
1641 2453 1675 2498 70

121 2522 182 2572 Sive
200 2521 385 2570 Menoetiaden
406 2520 477 2569 salsis
495 2520 618 2569 cecidisse
637 2522 684 2568 sub
702 2519 799 2582 umis:
911 2522 980 2575 euru
1000 2523 1114 2582 timeam,
1129 2521 1234 2582 ignoro:
1254 2520 1332 2570 timeo
1343 2528 1430 2570 tamen
1450 2521 1536 2569 omnia
1549 2519 1674 2579 demens,

158 2592 265 2639 Flebam
284 2604 402 2639 successu
422 2604 496 2651 posse
514 2603 605 2663 carqre
624 2584 706 2647 dolo‘s.
805 2597 808 2602 “
854 2627 856 2631 .
946 2592 980 2640 Et
998 2596 1072 2654 patet
1090 2590 1114 2637 in
1134 2604 1208 2639 curas
1227 2604 1289 2638 area
1307 2590 1360 2638 lats
1379 2605 1458 2639 meas.

122 2659 255 2721 &nguine
274 2660 438 2720 Tlepolemus
462 2658 566 2719 Lyciam
584 2657 748 2719 tepefecerat
765 2658 884 2717 haeum:
911 2662 1095 2723 Quaecumque
1122 2673 1220 2723 aequor
1242 2658 1339 2721 habet,
1367 2672 1543 2723 quaecumque
1560 2657 1676 2721 pericula

157 2729 299 2791 Tlepolemi
317 2730 369 2776 leto
387 2741 449 2775 cura
467 2733 561 2774 novata
580 2741 638 2774 mea
656 2733 705 2775 est.
852 2731 885 2774 2⁰
1103 2757 1106 2762 Α
1342 2729 1430 2789 tellus,

124 2796 252 2860 Denique,
266 2797 379 2860 quisquis
399 2801 467 2844 erat·
479 2796 569 2844 eastris
589 2796 719 2855 iugulatus
735 2794 851 2859 Achiuis,
945 2800 1009 2846 Tam
1028 2798 1121 2857 longae
1139 2811 1231 2846 causas
1248 2798 1364 2860 suspicor
1382 2812 1439 2846 esse
1458 2811 1554 2845 merae.

159 2865 289 2927 Frigidius
307 2867 389 2927 glacie
408 2871 499 2927 pectus
518 2864 615 2912 amanti
647 2853 730 2929 erit,¹
912 2868 987 2916 Haec
995 2865 1110 2927 equurn
1120 2867 1197 2913 stulte
1208 2866 1399 2930 mediter,quae
1408 2873 1494 2915 uestra
1501 2865 1635 2929 libideest‚
1642 2867 1675 2916 13
1706 2874 1710 2881 '

124 2933 179 2983 seu
195 2934 262 2982 bene
284 2935 412 2983 consuluit
435 2940 505 2981 casto
522 2933 587 2981 deus
603 2947 700 2996 aequus
716 2932 815 2981 amori:
869 2986 891 2992 ..
948 2937 1011 2984 Esse
1030 2936 1167 2998 peregrino
1185 2943 1276 2997 captus
1294 2951 1381 2984 amore
1399 2942 1484 2999 potes.
1536 2986 1538 2991 ,

161 3002 245 3051 Versa
262 3009 302 3051 est
319 3004 344 3050 ln
364 3004 463 3051 cineres
482 3003 577 3063 sospite
595 3003 755 3051 Troia‘viro.
913 3006 1031 3053 Forsitan
1048 3011 1075 3052 et
1090 3019 1188 3063 narres,
1203 3019 1279 3067 qnam
1299 3005 1333 3054 sit
1355 3005 1399 3053 tibi
1418 3006 1513 3053 rtisstca
1531 3003 1639 3052 coniux:

127 3068 242 3132 Argolici
259 3072 360 3121 rediere
379 3071 475 3129 duces;
495 3072 586 3119 altaria
605 3069 722 3120 fumant:
774 3077 780 3085 '
853 3074 886 3119 Tb
925 3087 927 3092 ·
948 3075 1022 3123 Quae
1042 3077 1141 3121 tantum
1161 3074 1234 3121 lanas
1254 3087 1304 3121 non
1325 3075 1392 3122 sinat
1409 3089 1467 3122 esse
1485 3072 1574 3123 rudes.

161 3139 270 3188 Ponitur
287 3140 320 3189 ad
340 3141 435 3202 patrios
454 3141 564 3187 barbara
582 3139 681 3201 praeda
698 3139 771 3188 deos.
913 3143 1018 3201 Fallat:
1039 3148 1066 3189 et
1082 3142 1130 3189 hoc
1142 3141 1238 3189 crimen
1258 3148 1349 3190 tenues
1366 3150 1490 3191 vanescat
1510 3144 1535 3191 in
1555 3156 1641 3199 auras,

124 3206 306 3258 Gratat'erunt
326 3211 456 3272 nymphae
476 3223 523 3270 pro
540 3210 616 3256 salvis
634 3209 702 3257 dona
720 3207 834 3257 maritis:
949 3211 1032 3269 Neve,
1050 3209 1200 3259 revertendi
1218 3211 1292 3271 liber,
1311 3211 1402 3260 abesse
1421 3212 1494 3260 velis.
1642 3214 1677 3259 ⁸0

161 3277 203 3325 llli
222 3278 290 3326 ricta
308 3280 360 3325 suis
377 3279 469 3326 Troica
488 3277 542 3326 lata
560 3283 666 3327 canunt.
914 3280 959 3327 Me
977 3286 1052 3342 pater
1070 3279 1168 3327 Icarius
1188 3279 1265 3328 viduo
1283 3280 1418 3328 discedere
1437 3282 1505 3330 lecto

124 3346 257 3396 Mirantur
273 3347 383 3409 iustique
399 3361 474 3395 senes
491 3346 661 3410 trepidaeque
677 3348 798 3408 puellae:
948 3349 1032 3407 Cogit,
1050 3355 1077 3396 et
1096 3348 1233 3397 immensas
1251 3349 1370 3411 increpat
1388 3364 1468 3412 usqne
1487 3364 1594 3417 snorss.¹

161 3415 298 3463 Narrantls
317 3416 411 3462 coniux
430 3416 528 3476 pendet
546 3416 578 3463 ab
596 3431 641 3464 erc
661 3415 718 3463 uiri.
855 3419 887 3463 8⁰
915 3418 1038 3479 increpet
1059 3431 1140 3480 usque
1155 3417 1229 3466 licet:
1250 3424 1373 3475 tuarum,
1390 3424 1434 3465 tua
1451 3418 1523 3465 dicar
1538 3422 1642 3480 oportet

127 3483 216 3546 Atque
229 3483 321 3545 aliquis
339 3483 422 3543 posita
440 3492 565 3532 monstrat
579 3483 634 3533 fera
654 3485 753 3546 proelia
765 3500 870 3546 mensa:
949 3487 1101 3547 Penelope;
1121 3487 1213 3535 coniux
1233 3501 1336 3548 semper
1355 3487 1438 3535 Ulixis
1456 3502 1510 3534 ero.

162 3551 252 3613 Pingit
269 3557 296 3599 et
314 3551 407 3613 exiguo
426 3551 554 3615 Pergama
573 3559 627 3602 tota
646 3568 726 3603 mero.
915 3556 964 3604 llle
983 3560 1069 3603 tamen
1092 3554 1190 3618 pietate
1210 3570 1267 3603 mea
1284 3557 1454 3619 precibusque
1473 3555 1573 3618 pudicis
1643 3561 1678 3606 ⁸2

127 3622 186 3671 Mac
205 3621 259 3668 ibat
277 3619 377 3677 Simois,
397 3621 445 3668 hac
462 3625 503 3669 est
520 3622 607 3684 Sigeia
626 3624 712 3682 tellus,
951 3624 1098 3687 Frangitur,
1117 3630 1143 3671 ct
1163 3624 1228 3672 vires
1248 3630 1378 3687 temperat
1395 3625 1450 3686 ipse
1470 3640 1538 3674 suas.

161 3690 213 3737 Hie
231 3694 340 3738 steterat
358 3689 455 3737 Priami
473 3692 545 3753 regia
563 3694 632 3739 celsa
650 3691 728 3741 senia
916 3694 1036 3752 Dulichii,
1055 3694 1194 3756 Samiique,
1213 3699 1239 3742 et
1258 3708 1321 3757 quos
1339 3695 1397 3742 tulit
1414 3695 1468 3742 alta
1487 3694 1645 3756 Zacynthos,

33 3788 37 3793 -
127 3757 185 3807 ltue
205 3758 344 3818 Aeacides,
363 3758 415 3806 illic
433 3759 559 3809 tendebat
578 3761 683 3808 Ulixes:
856 3765 889 3808 ⁸³
949 3764 1036 3811 Turba
1055 3771 1133 3811 ruunt
1151 3763 1175 3810 in
1195 3778 1236 3810 me
1254 3765 1393 3823 luxuriosa,
1411 3763 1491 3825 proci,

163 3826 215 3874 Hic
234 3829 304 3876 lacer
322 3827 446 3876 admissos
465 3831 559 3877 terruit
577 3830 677 3877 Hector
694 3842 782 3891 equos.
916 3832 1058 3894 lnqnetua
1071 3838 1190 3891 regnant,
1205 3832 1280 3880 nullis
1297 3832 1500 3894 prohibentibus,
1515 3833 1590 3891 sula:

127 3895 224 3946 Omnia
240 3911 350 3960 namque
366 3903 410 3945 tuo
427 3899 521 3957 senior,
547 3903 573 3946 te
595 3912 721 3961 quaerere
739 3897 823 3959 misso,
952 3901 1058 3948 Viscera
1078 3907 1176 3958 nostra,
1195 3906 1255 3949 tuae
1274 3901 1450 3949 dilacerantur
1468 3915 1540 3962 opes.
1646 3902 1681 3947 ⁹⁰

163 3966 379 4014 Retuleratnato
398 3967 508 4025 Nestor,
527 3968 616 4015 atille
635 3969 705 4016 mihi.
916 3969 985 4020 Quid
1011 3970 1057 4018 tibi
1081 3969 1252 4031 Pisandrum,
1284 3970 1478 4032 Polybumque,
1502 3968 1680 4032 Medontaque

128 4032 230 4082 Retulit
251 4041 278 4082 et
292 4032 361 4083 ferro
381 4035 546 4097 Rhesumque
565 4036 716 4100 Dolonaque
734 4049 837 4083 caesos:
1345 4038 1428 4086 dirum

163 4102 250 4164 thue
269 4103 302 4150 sit
322 4104 362 4151 hic
380 4117 468 4150 somno
487 4102 613 4165 proditus,
632 4105 675 4153 ille
694 4104 763 4153 dole.
856 4107 889 4152 4⁰
951 4106 1157 4168 Eurymachique
1176 4106 1265 4155 avidas
1285 4107 1444 4170 Antinoique
1466 4121 1566 4165 manns,

128 4169 216 4220 Ausus
235 4185 271 4231 es,
286 4187 302 4219 n
320 4173 424 4219 nimium
440 4172 596 4235 nimiumque
615 4174 694 4222 oblite
709 4179 821 4235 tuorum,
919 4175 1004 4237 Atque
1017 4175 1079 4223 alios
1098 4172 1219 4232 referam,
1234 4190 1297 4239 quus
1316 4192 1406 4224 omnes
1424 4176 1534 4237 turpiter
1553 4175 1647 4223 absens

161 4240 271 4288 Thracia
289 4247 415 4290 nocturno
434 4244 543 4302 tangere
561 4248 646 4290 castra
665 4242 740 4303 dnlo;
952 4243 1014 4305 lpse
1033 4249 1077 4290 tao
1096 4244 1177 4306 partis
1197 4245 1322 4306 sanguiue
1342 4247 1418 4294 rebus
1436 4246 1500 4293 alist
1599 4264 1616 4281 .

126 4306 226 4371 Totque
246 4309 320 4358 simul
338 4315 452 4357 mactare
471 4310 547 4370 viros,
560 4309 664 4358 adiutus
683 4312 716 4359 ab
733 4324 793 4358 uuo.
918 4311 976 4360 lrns
990 4326 1079 4373 egens,
1098 4313 1249 4375 pecorisque
1265 4314 1425 4362 Melanthius
1443 4319 1515 4362 actor
1529 4309 1635 4372 edendi,
1648 4315 1682 4359 ab

165 4377 202 4425 At
220 4377 287 4426 bene
305 4385 395 4426 cautus
415 4392 482 4434 cras,
501 4384 528 4426 et
546 4394 643 4427 memor
661 4385 723 4428 aute
741 4379 811 4428 mell
954 4380 1064 4429 Ultimus
1083 4382 1213 4429 accedunt
1231 4384 1257 4431 in
1277 4389 1320 4430 tua
1339 4383 1434 4432 (launna
1453 4382 1546 4444 pudor.

131 4444 219 4508 Usque
232 4451 301 4494 metu
315 4448 428 4496 micuere
442 4448 522 4508 sinus,
537 4446 598 4495 dum
616 4448 695 4496 victor
713 4449 823 4497 amicum
859 4452 892 4497 db
917 4451 982 4499 Tres
1002 4465 1088 4497 sumus
1114 4450 1229 4499 imbelles
1246 4467 1369 4511 numero;
1392 4452 1445 4500 sine
1463 4451 1558 4499 uiribus
1575 4463 1649 4509 usur,

164 4514 255 4562 Dictus
274 4532 301 4564 es
320 4516 434 4564 Ismariis
453 4516 502 4563 isse
521 4531 569 4578 per
586 4531 679 4575 agmen
699 4518 780 4581 equis.
956 4519 1113 4581 Laertesque
1133 4534 1224 4577 senex,
1241 4520 1461 4582 Telemachusque
1481 4534 1555 4581 puer.

129 4583 183 4631 Sed
199 4584 260 4630 mihi
279 4585 341 4647 quid
359 4585 465 4647 prodest
482 4586 574 4633 vestris
591 4584 699 4634 disiecta
721 4587 825 4636 lacertis
920 4587 968 4636 llle
986 4601 1033 4650 per
1054 4586 1160 4635 insidias
1179 4603 1262 4649 paene
1281 4598 1321 4637 cst
1343 4590 1402 4637 mihi
1420 4603 1503 4650 nuper
1519 4587 1667 4650 ademptas,

166 4649 245 4697 lliost
263 4659 299 4711 et,
318 4669 405 4701 murras
423 4652 491 4716 quod
511 4652 559 4702 tirit
577 4661 649 4713 ante,
668 4656 765 4703 solrsmt
956 4657 1023 4704 Dum
1042 4663 1118 4718 parat
1136 4657 1222 4704 inritis
1241 4659 1357 4707 omnihus
1376 4654 1416 4706 ire¹
1433 4659 1525 4720 Pylon.
1636 4660 1685 4705 100

129 4720 159 4768 st
178 4733 280 4776 manco,
298 4724 379 4783 qualis
396 4723 474 4771 Troia
493 4723 604 4771 durante
624 4725 778 4782 manebam:
922 4725 964 4783 Di,
981 4740 1082 4788 precor,
1100 4726 1147 4773 hoc
1168 4725 1282 4784 iubeant,
1300 4733 1337 4784 ut,
1354 4727 1473 4775 euntibus
1487 4726 1578 4775 ordina
1597 4724 1668 4784 tatis.

166 4787 264 4850 Virque
277 4789 348 4849 snihi,
361 4791 467 4854 dempto
484 4792 537 4841 hnc
557 4792 694 4853 carendus,
713 4795 793 4842 abesl
862 4797 894 4842 5⁰
956 4794 1005 4842 ille
1024 4810 1094 4843 meos
1112 4796 1198 4843 oculos
1217 4796 1377 4858 comprimat,
1396 4796 1438 4843 illc
1458 4800 1523 4843 tuos.

131 4856 225 4905 Diruta
242 4860 303 4904 sunt
313 4859 380 4919 aliis,
396 4862 441 4909 nni
459 4862 520 4910 mihi
534 4862 664 4923 Pergama
680 4868 797 4912 restant:
922 4862 981 4912 Huc
996 4861 1094 4913 faciunt
1112 4870 1249 4925 custosque
1272 4867 1347 4913 botrin
1368 4867 1545 4928 longaevaque
1561 4863 1666 4925 nutrix:

166 4925 257 4975 Incola
275 4926 378 4987 captivo
396 4943 463 4992 qnae
481 4933 546 4980 bove
565 4931 646 4980 sletor
665 4937 731 4980 arat.
955 4932 1069 4995 Tertius,
1087 4932 1234 4982 immundae
1252 4949 1314 4982 eura
1332 4932 1416 4982 tidelia
1436 4935 1525 4983 harae.

187 5091 254 5133 ovid,
269 5091 366 5135 llernid.
392 5092 409 5144 l,
424 5094 437 5136 1
452 5097 608 5140 rescribunt
625 5102 716 5141 tamen:
737 5095 788 5138 las
802 5096 820 5139 1.
835 5097 861 5140 F.
877 5097 978 5142 Gronov.
1020 5097 1248 5155 :sterilemque
1270 5114 1290 5144 e.
1308 5098 1407 5143 llelnsli.
1420 5098 1467 5143 Sed
1481 5111 1503 5142 ν.
1519 5097 1704 5155 med-,mx

132 5143 195 5198 tvl,
210 5148 266 5197 1:s;
282 5149 340 5191 Met.
357 5148 397 5202 IV,
410 5151 458 5194 244.
473 5151 499 5193 U.
514 5152 585 5196 etiam
601 5153 630 5196 sd
645 5152 734 5197 'rtsalb
748 5110 792 5201 ill,
805 5152 825 5205 l,
839 5153 874 5195 21.
916 5155 956 5197 tet
972 5153 1019 5195 tlon
1034 5155 1130 5198 iaciunt.
1143 5153 1195 5197 Bra.
1209 5154 1319 5211 beastan.
1327 5156 1378 5197 Fal.
1390 5167 1408 5195 a
1419 5159 1511 5194 mestre
1521 5155 1600 5201 quasa
1612 5148 1697 5183 aeaea-

1361 5231 1419 5295 AX
