3586 5498
507 734 1309 807 novrnrrnssours-

171 928 1092 1034 MEDICAMINUM
1163 925 1601 1034 FACIEI

635 1165 1133 1229 insumentum.

113 1351 240 1436 Discite,
257 1388 324 1438 quae
341 1373 434 1424 faciem
452 1372 616 1423 commendet
633 1387 705 1434 eura,
725 1375 837 1437 puellae,
898 1378 990 1438 Disce,
1008 1390 1070 1439 age,
1096 1387 1173 1438 quum
1192 1379 1294 1426 teneros
1312 1390 1415 1425 semum
1432 1373 1559 1426 dimiserit
1576 1379 1666 1435 artus,

150 1447 184 1494 Et
201 1459 251 1510 quo
270 1447 302 1492 sit
319 1447 390 1494 vobis
408 1443 489 1493 forma
507 1443 605 1492 tuenda
622 1443 707 1491 modo.
932 1446 1051 1496 Candida
1070 1459 1119 1508 quo
1137 1445 1235 1506 possint
1252 1460 1297 1494 ora
1315 1449 1398 1495 nitere
1417 1447 1501 1494 modo.

115 1516 206 1566 Cultus
225 1516 327 1562 humum
346 1516 459 1562 sterilem
478 1514 597 1562 Cerealia
614 1513 731 1574 pendere
748 1513 823 1562 iussit
899 1515 1015 1577 Hordea,
1034 1530 1100 1580 quae
1118 1514 1207 1578 Libyci
1224 1517 1322 1564 ratibus
1341 1517 1433 1563 misere
1451 1514 1543 1577 coloni,

150 1585 277 1643 Munera,
296 1584 429 1633 mordaces
447 1585 568 1631 interiere
586 1582 652 1631 rubi.
934 1585 1008 1633 Exue
1026 1586 1059 1633 de
1078 1585 1154 1646 palea
1172 1587 1377 1649 tegminibusque
1395 1586 1455 1633 suis.

115 1655 204 1705 Cultus
223 1661 249 1701 et
267 1653 292 1700 in
311 1655 392 1715 pomis
410 1667 482 1701 sucos
501 1652 623 1700 emendat
640 1651 756 1714 acerbos,
858 1655 873 1699 ⁶
900 1654 952 1703 Par
971 1655 1025 1704 ervi
1044 1667 1164 1702 mensura
1182 1654 1271 1703 decem
1291 1654 1414 1703 madefiat
1431 1656 1464 1703 ab
1482 1654 1553 1714 ovis;
1630 1656 1666 1701 50

151 1725 274 1788 Fissaque
293 1722 427 1785 adoptivas
445 1723 539 1784 accipit
557 1722 633 1768 arbor
649 1735 721 1783 opes.
934 1724 986 1773 Sed
1004 1726 1136 1772 cumulent
1153 1724 1230 1771 libras
1249 1724 1345 1772 hordea
1364 1724 1434 1772 nuda
1450 1723 1524 1773 duas.

115 1793 193 1844 Culta
211 1795 332 1855 placent:
352 1807 414 1839 auro
432 1792 550 1840 sublimia
568 1797 635 1839 tecta
654 1793 777 1850 linuntur,
900 1794 976 1843 Haec
995 1795 1036 1840 ubi
1055 1799 1174 1840 ventosas
1192 1791 1289 1842 t'uerint
1307 1795 1403 1841 siccata
1421 1807 1468 1855 per
1484 1806 1572 1855 auras,

151 1863 233 1925 Nigra
251 1862 297 1909 sub
316 1861 433 1923 imposito
452 1875 577 1908 marmore
596 1866 666 1908 terra
684 1862 755 1908 latet.
936 1864 1018 1911 Lenta
1036 1863 1095 1911 iube
1114 1863 1204 1910 scabra
1221 1861 1324 1925 frangat
1343 1864 1422 1911 asella
1440 1864 1521 1921 mola;

115 1931 223 1983 Vellera
241 1943 320 1991 saepe
338 1930 431 1979 eadem
449 1931 526 1993 Tyrio
545 1930 706 1978 medicantur
722 1930 823 1988 ahen03
902 1934 943 1993 lit,
962 1947 1028 1997 quae
1046 1934 1129 1994 prima
1147 1931 1243 1980 cadunt
1260 1934 1341 1981 vivaci
1360 1946 1457 1980 cornua
1474 1946 1561 1992 cervo,

151 2002 247 2050 Sectile
265 2000 364 2049 deliciis
384 1999 460 2048 india
479 2000 587 2062 praebet
605 2000 677 2048 ebur.
843 1999 875 2046 10
935 2002 1062 2051 Contere:
1082 2002 1107 2050 io
1126 2002 1191 2048 haec
1214 2001 1288 2050 solidi
1307 2008 1381 2050 sexta
1399 1999 1456 2050 tace
1474 2002 1536 2050 assis
1555 2004 1610 2049 eat.
1630 2002 1668 2048 00

116 2071 235 2121 Forsitan
255 2072 386 2133 antiquae,
403 2070 478 2117 Tatio
496 2070 542 2116 sub
560 2084 632 2131 rege,
651 2067 764 2116 Sabinae
901 2071 1008 2135 lamque
1025 2071 1067 2119 ubi
1084 2072 1224 2133 pulvereae
1243 2069 1341 2119 fuerint
1357 2070 1463 2119 confusa
1481 2069 1593 2133 farinae,

151 2140 303 2200 Malueriut,
321 2154 397 2202 quam
416 2153 453 2199 se,
471 2154 531 2187 rura
549 2146 658 2201 paterna
676 2138 740 2186 coli:
937 2141 1059 2189 Protinus
1077 2141 1102 2188 in
1122 2141 1211 2188 cribris
1224 2141 1309 2189 omnia
1325 2155 1403 2188 cerne
1418 2140 1496 2188 cavis.

117 2211 203 2263 Quum
224 2216 354 2269 matrona,
381 2223 500 2270 premens
518 2210 598 2257 altum
624 2204 767 2256 rubicunda
784 2204 876 2267 sedile,
902 2211 996 2260 Adiice
1019 2210 1125 2258 narcissi
1143 2210 1181 2258 bis
1196 2225 1242 2258 sex
1259 2210 1313 2258 sine
1334 2210 1430 2257 cortice
1457 2209 1555 2267 bulbos,

152 2279 265 2329 Assidoo
284 2278 376 2326 durum
395 2279 487 2340 pollice
505 2280 585 2326 nebat
602 2292 675 2339 opus,
937 2281 1049 2328 Strenua
1063 2294 1126 2343 quos
1145 2293 1209 2341 puro
1228 2294 1354 2328 marmore
1372 2279 1467 2327 dextra
1484 2284 1571 2337 terat;

117 2349 231 2414 Ipsaque
250 2347 395 2407 claudebat,
415 2363 476 2411 quos
495 2346 548 2395 iilia
566 2353 683 2409 paverat,
701 2360 791 2409 agnos,
844 2348 876 2394 10
902 2350 1107 2412 Sextantemque
1120 2350 1207 2397 trahat
1224 2349 1319 2412 gummi
1334 2348 1609 2409 cumsemineTusco3
1628 2350 1667 2395 05

153 2418 215 2481 lpsa
234 2417 313 2466 dabat
331 2419 416 2478 virgas
435 2431 561 2481 caesaque
580 2419 650 2477 ligna
668 2414 733 2464 foco.
937 2418 997 2466 Huc
1015 2419 1103 2465 novies
1122 2424 1193 2465 tanto
1212 2421 1269 2480 plus
1288 2417 1333 2465 tibi
1352 2419 1433 2464 mellis
1453 2425 1504 2464 eat.

119 2488 157 2540 At
174 2493 277 2535 restrae
295 2493 398 2534 teneras
417 2493 512 2534 matres
531 2498 658 2548 peperere
677 2484 793 2546 puellas3
903 2489 1089 2549 Quaecumque
1106 2484 1202 2535 afficiet
1221 2488 1265 2534 tali
1281 2485 1451 2535 medicamine
1468 2488 1577 2548 vultum,

153 2557 239 2605 Vultis
257 2556 375 2603 inaurata
394 2569 501 2616 corpora
513 2563 591 2604 reste
610 2555 682 2616 tegi;
938 2556 1059 2619 Fulgebit
1076 2558 1180 2618 speculo
1199 2556 1278 2604 levior
1296 2556 1351 2618 ipsa
1368 2570 1423 2603 suo.

118 2626 205 2674 Vultis
223 2625 343 2673 odoratos
361 2624 444 2685 positu
463 2624 563 2672 variare
582 2625 697 2685 capillos,
904 2626 960 2676 Nee
979 2632 1006 2673 tu
1026 2624 1154 2687 pallentes
1171 2624 1261 2674 dubita
1278 2631 1377 2673 torrere
1401 2625 1509 2687 lupinos,

155 2695 327 2756 Conspicuam
346 2694 452 2755 gemmis
470 2694 547 2741 vultis
566 2693 661 2741 habere
679 2706 792 2742 manum.
845 2694 878 2740 20
939 2695 973 2743 lit
989 2694 1064 2742 simul
1083 2693 1203 2743 inflantes
1220 2709 1327 2756 corpora
1341 2693 1405 2755 frige
1423 2693 1505 2744 fabas.
1630 2697 1668 2744 00

119 2763 231 2814 Induitis
249 2765 314 2811 collo
332 2762 432 2824 lapides
451 2761 560 2810 Oriente
579 2769 691 2824 paratos,
904 2766 1020 2827 Utraque
1036 2777 1082 2812 sex
1099 2765 1211 2812 habeant
1227 2779 1309 2829 aequo
1326 2764 1472 2812 discrimine
1491 2764 1588 2825 libras3

156 2834 190 2882 Et
207 2838 315 2897 quantos
333 2846 397 2880 onus
415 2838 454 2880 est
472 2847 534 2880 aure
553 2833 642 2880 tulisse
661 2831 734 2880 duos.
939 2833 1056 2896 Utraque
1072 2832 1107 2881 da
1123 2834 1202 2894 nigris
1220 2833 1416 2883 comminuenda
1434 2834 1515 2881 molis.

120 2903 179 2954 Nec
196 2908 281 2951 umen
302 2901 445 2963 indignum,
464 2902 485 2949 si
504 2901 574 2949 vobis
592 2916 654 2949 cura
672 2899 803 2962 placendi,
905 2903 962 2952 Nec
977 2916 1081 2951 cerussa
1096 2902 1151 2962 tibi,
1169 2917 1217 2952 uec
1241 2903 1300 2952 nitri
1317 2918 1408 2967 spuma
1423 2901 1539 2952 rubentis

157 2973 242 3023 Quum
261 2977 375 3032 comptos
395 2971 505 3018 babeant
523 2972 626 3018 saecula
645 2977 731 3019 nostra
749 2971 824 3018 viros.
939 2972 1023 3031 Desit,
1041 2977 1068 3019 et
1086 2971 1190 3034 lllyriea
1208 2986 1274 3035 quae
1291 2973 1361 3020 venit
1386 2973 1429 3020 iris
1454 2973 1539 3020 humo.

122 3043 247 3093 Feminea
266 3041 343 3089 vestri
361 3041 492 3101 potiuntur
511 3041 568 3103 lege
587 3040 681 3096 mariti,
845 3040 878 3086 2⁵
905 3043 946 3091 Da
964 3039 1055 3088 validis
1077 3041 1197 3089 iuvenum
1216 3042 1313 3103 pariter
1328 3042 1471 3103 subigenda
1490 3040 1613 3103 lacertis3
1632 3045 1667 3094 'la

158 3112 191 3160 Bt
208 3112 252 3159 vix
270 3108 303 3158 ad
322 3112 405 3159 cultus
424 3118 512 3172 nupta,
531 3110 598 3174 quod
616 3109 706 3167 addat,
724 3108 812 3176 habet.
939 3110 991 3159 Sed
1010 3111 1104 3157 iustum
1121 3111 1189 3158 tritis
1203 3112 1279 3158 uueia
1292 3110 1392 3173 pondus
1408 3111 1466 3159 erit.

121 3183 174 3234 Pto
192 3194 220 3229 se
238 3194 355 3244 quaeque
374 3185 465 3241 parat;
486 3194 543 3239 nec,
561 3193 623 3243 quos
642 3183 751 3226 venetur
771 3191 880 3238 amores,
907 3180 1007 3230 Addita
1022 3179 1056 3228 de
1074 3182 1179 3242 querulo
1197 3182 1327 3228 volucrum
1347 3178 1518 3228 medicamina
1532 3177 1595 3227 nido

158 3249 264 3300 Refert:
285 3250 427 3298 munditiae
445 3250 553 3297 crimina
571 3250 642 3296 nulla
661 3254 770 3296 merent.
941 3249 995 3298 Ore
1009 3245 1100 3310 fugant
1121 3250 1248 3296 maculas:
1269 3249 1420 3311 Halcyonea
1437 3253 1539 3297 vocant.

70 3365 74 3372 .
123 3321 194 3372 Rure
213 3322 303 3379 latent,
322 3318 474 3382 finguntque
493 3333 592 3379 comas3
612 3319 672 3366 licet
691 3317 788 3365 arduus
806 3316 863 3365 illas
906 3318 1037 3377 Pondere,
1054 3317 1074 3367 si
1093 3319 1204 3381 quaeris,
1224 3333 1274 3382 quo
1297 3320 1343 3366 sim
1361 3324 1497 3367 contentus
1519 3316 1633 3366 inillis:

157 3391 232 3440 Celet
250 3388 341 3448 Athos,
360 3390 441 3437 cultas
460 3391 526 3436 altus
545 3389 649 3437 habebit
672 3386 763 3435 Athos.
848 3390 881 3435 00
942 3387 1018 3439 Quod
1035 3388 1154 3435 trahitis
1171 3395 1258 3450 partes
1274 3389 1349 3436 uncia
1364 3396 1438 3435 sexta
1456 3386 1530 3435 duas.
1633 3389 1669 3435 ao

123 3459 170 3509 Est
190 3461 267 3509 etiam
286 3458 413 3521 placuisse
430 3458 477 3505 sibi
497 3472 674 3521 quaecumque
691 3458 829 3518 voluptas;
907 3458 943 3507 Ut
961 3464 1062 3516 coeant,
1080 3465 1193 3520 apteque
1216 3458 1260 3506 lini
1273 3472 1321 3520 per
1341 3472 1449 3519 corpora
1468 3455 1574 3518 possint,

159 3529 308 3591 Virginibus
326 3529 397 3576 cordi
416 3535 540 3590 grataque
559 3526 640 3575 forma
658 3540 705 3574 sua
724 3532 771 3575 est.
942 3525 1036 3575 Adiice
1050 3525 1084 3575 de
1101 3526 1174 3575 flavis
1191 3526 1281 3576 Attica
1300 3529 1376 3575 mella
1395 3525 1468 3574 iaris.

123 3599 254 3649 Laudatas
273 3598 367 3645 homini
386 3597 497 3644 volucris
515 3597 624 3644 Iunonia
645 3609 744 3657 pennas
908 3596 1032 3647 Quamvis
1047 3600 1106 3644 tura
1121 3596 1183 3646 deos
1199 3597 1315 3658 irataque
1332 3597 1436 3645 numina
1452 3597 1566 3657 placent,
1605 3602 1608 3606 ’

160 3667 288 3730 Explicat,
307 3672 334 3714 et
351 3665 433 3714 forma
452 3672 521 3714 muta
540 3665 655 3727 superbit
672 3665 736 3712 avis.
943 3665 1000 3714 Nou
1020 3672 1105 3713 tamen
1124 3667 1238 3715 accensis
1259 3666 1343 3714 omnia
1367 3664 1454 3713 darida
1472 3663 1543 3713 focis.

124 3738 168 3788 Sic
182 3738 265 3799 potius
281 3751 327 3784 nos
340 3741 414 3796 urget
430 3750 511 3794 arnor,
529 3750 605 3799 quam
623 3732 731 3782 fortibus
745 3734 841 3799 herbis,
850 3738 882 3784 tt
906 3736 959 3784 Tus
976 3734 1019 3783 ubi
1035 3735 1167 3783 miscueris
1182 3736 1289 3784 radenti¹
1304 3737 1394 3782 tubera
1417 3735 1494 3794 nitro,
1633 3738 1670 3783 OS

160 3807 231 3858 Quas
250 3820 324 3866 maga
342 3805 451 3853 terribili
468 3806 586 3852 subsecat
604 3809 659 3852 arte
678 3818 776 3851 manus.
944 3803 1105 3854 Ponderibus
1118 3804 1189 3852 iustis
1207 3803 1248 3853 iac
1263 3805 1297 3852 sit
1312 3805 1438 3867 utrimque
1459 3805 1548 3851 triens.
1597 3828 1602 3845 ι

127 3875 184 3926 Nec
202 3889 246 3924 sos
265 3875 431 3936 graminibus,
449 3888 498 3922 aee
516 3875 590 3922 misto
608 3873 707 3922 credite
725 3887 819 3937 suco,.
909 3875 990 3923 Parte
1015 3875 1098 3922 minus
1113 3879 1205 3937 quarta
1224 3873 1359 3935 dereptum
1377 3873 1472 3922 cortice
1491 3871 1596 3936 gummi,

160 3946 216 3994 Nec
234 3950 332 3993 tentate
351 3957 446 3992 nocens
463 3944 532 3991 virus
549 3944 658 3991 amantis
677 3957 767 4005 equae.
944 3943 978 3993 Et
994 3943 1121 3992 modicum
1145 3958 1159 3990 e
1181 3944 1289 4006 myrrhis
1308 3943 1443 4006 pinguibus
1463 3942 1531 3991 adde
1545 3942 1652 3991 cubum.

125 4017 182 4066 Nec
200 4015 302 4063 mediae
320 4014 413 4062 Marsis
432 4012 566 4062 finduntur
584 4014 701 4060 cantibus
719 4025 826 4076 angues,
909 4013 985 4062 llaec
1004 4013 1046 4061 ubi
1068 4012 1195 4073 enutriris,
1212 4027 1259 4075 per
1273 4013 1354 4061 densa
1366 4011 1493 4060 foramina
1508 4025 1596 4071 cerne,

161 4086 217 4134 Nec
234 4084 303 4133 redit
321 4085 345 4130 iu
365 4081 449 4144 fontes
467 4083 536 4131 unda
555 4083 647 4145 supina
665 4096 731 4130 suos.
850 4086 883 4132 do
945 4081 1032 4129 Pulvis
1049 4082 1082 4129 ab
1100 4079 1183 4130 infuso
1207 4083 1283 4130 melle
1300 4081 1457 4144 premendus
1474 4081 1533 4129 erit.
1634 4085 1671 4133 00

126 4156 160 4204 Et
178 4155 293 4218 quamvis
311 4153 402 4214 aliquis
420 4153 560 4200 Temesaea
579 4153 717 4201 removerit
734 4166 806 4214 aera,
910 4149 1011 4199 Profuit
1020 4157 1047 4200 et
1061 4150 1204 4199 marathros
1214 4151 1279 4199 bene
1293 4152 1419 4199 olentibus
1429 4151 1526 4199 addere
1541 4150 1671 4211 myrrhis:

161 4225 297 4287 Nunquam
316 4222 389 4269 Luna
406 4222 460 4268 suis
478 4224 623 4269 excutietur
642 4224 722 4285 equis.
945 4220 1064 4282 Quinque
1074 4220 1556 4283 trahantmarathriscrupula,myrrha
1565 4235 1672 4270 novem.

126 4295 214 4344 Prima
232 4294 265 4340 sit
283 4293 307 4339 in
328 4292 398 4338 vohis
418 4305 513 4337 morum
533 4292 622 4348 tutela,
641 4294 761 4352 puellae:
910 4289 1067 4352 Arentisque
1086 4303 1159 4337 rosae
1175 4296 1299 4352 quantum
1316 4305 1406 4338 manus
1424 4304 1475 4337 una
1494 4288 1653 4353 prehendat,

162 4363 270 4425 ingenio
287 4358 366 4409 facies
384 4360 537 4407 conciliante
556 4361 650 4420 placet.
944 4358 1060 4422 Cumque
1080 4357 1247 4407 Ammoniaco
1265 4360 1376 4407 mascula
1393 4364 1450 4406 tura
1465 4362 1528 4408 sale.

126 4426 883 4490 certosomorrnoromest:sormampopolsbitoroetos,to
910 4427 1018 4477 Hordea
1033 4441 1108 4490 qoem
1122 4427 1229 4491 faciunt
1247 4429 1296 4478 illis
1319 4426 1435 4489 infunde,
1453 4442 1616 4491 cremorem·
1634 4434 1672 4480 00

162 4504 195 4551 Et
213 4502 323 4565 placitus
342 4501 411 4560 rugis
431 4500 514 4545 vuitus
533 4504 619 4545 aratus
639 4496 696 4544 orit.
945 4496 1066 4560 Aequent
1084 4513 1211 4560 expensas
1226 4514 1283 4547 curn
1303 4500 1358 4546 sale
1377 4504 1433 4546 tora
1450 4513 1529 4547 rosas.

125 4574 239 4635 Tempus
258 4573 316 4631 erit,
334 4585 383 4651 quo
401 4583 445 4615 vos
465 4570 596 4629 speculum
615 4566 709 4614 vidisse
728 4565 835 4628 pigebit,
909 4567 1075 4628 Tempore
1056 4582 1089 4614 ιιι
1113 4583 1193 4629 parvo
1213 4570 1302 4617 molles
1323 4569 1383 4614 lieet
1402 4567 1465 4615 illita
1487 4571 1581 4630 vultus,

162 4643 195 4690 Et
213 4643 299 4691 veniet
318 4641 387 4703 rugis
405 4640 487 4686 altera
505 4652 581 4685 causa
600 4637 680 4684 dolor.
945 4634 1072 4684 Haerebit
1091 4643 1144 4685 toto
1163 4638 1281 4686 multus
1276 4653 1300 4685 ιιι
1320 4651 1364 4685 ore
1383 4639 1461 4685 color.

127 4711 234 4772 Sufficit,
253 4720 279 4761 et
297 4714 398 4773 longum
417 4708 531 4772 probitas
550 4704 698 4769 perdurat*
692 4719 717 4751 ιιι
737 4718 839 4767 aevum,
911 4705 971 4753 Vidi
986 4720 1052 4769 quae
1071 4706 1157 4767 gelida
1182 4704 1326 4755 madefacta
1344 4721 1475 4769 papavera
1492 4706 1596 4769 lympha

162 4781 265 4846 Perque
282 4796 340 4830 suos
359 4793 439 4828 annos
457 4777 518 4825 hinc
536 4777 602 4824 bene
620 4775 719 4837 pendet
737 4788 816 4822 amor.
853 4780 885 4824 50
946 4774 1111 4837 contereret,
1136 4776 1232 4824 teneris
1250 4776 1412 4841 illineretque
1425 4791 1513 4838 genis·
1533 4800 1566 4812 -
1620 4777 1670 4823 100

182 4911 601 5023 steorserlregsoeurse.sou.
642 4910 911 4964 auditiauditi
926 4910 976 4953 Per
990 4922 1022 4954 se.
1036 4911 1126 4955 Deinde
1140 4916 1236 5009 etAqror
1250 4920 1384 4957 reametur.
1399 4912 1448 4955 Neo
1462 4912 1539 4955 indus.
1552 4910 1583 4953 ll.
1596 4909 1671 4954 Locus

127 4970 227 5015 madum
244 4978 388 5026 perrsnstnr.
429 4972 441 5013 ³
485 4974 593 5010 astacum
610 4979 639 5008 aa
654 4968 718 5022 Micy
720 4966 744 5009 ll.
792 4964 915 5010 tenura
929 4965 1000 5008 stet
1048 4967 1143 5009 maere

127 5025 227 5071 susa.
266 5025 501 5125 urnasque„
514 5024 578 5067 aas.
593 4980 718 5077 iruna
735 5021 898 5077 ιιιιιιμιη
914 5019 979 5065 aar.
993 5020 1049 5064 ιιι.
1063 5021 1113 5065 ιιι
1128 5020 1158 5064 ιι.
1215 4973 1308 5024 ‘⁰⁸⁸⁰‘
1355 4969 1382 5013 ⁶·
1398 4967 1566 5025 ‘'ml'‘'m'
1580 4978 1670 5010 ⁸¹¹¹⁰¹²
