3586 5498
174 255 251 328 m
417 277 1389 326 ΙοθΠΙΗΙ10101118ΙΠΔΙΗΗΙΟΙΙΗΜΒ.
1411 274 1490 323 Μ

175 453 268 505 iidltuv
287 467 302 502 e
319 450 405 500 medlo
420 464 498 501 sonos
515 455 556 500 eat
572 464 650 515 quum
668 449 759 500 robore
776 448 855 500 taline
957 450 996 499 Ut
1012 463 1074 499 vero
1085 454 1127 500 eat
1146 449 1254 512 expulsa
1270 447 1357 513 quiesr
1374 445 1437 497 turlt
1450 446 1540 498 ardor
1553 446 1674 507 ednod,

176 524 297 586 Nympha
310 523 357 571 sub
374 522 422 568 boc
433 535 481 584 ego
498 535 561 581 sum,
573 519 662 569 Cereri
677 518 829 582 gratissima,
842 519 929 581 iigno;
958 520 1060 583 Perque
1069 518 1159 567 avidas
1168 517 1266 577 tannes,
1275 519 1449 581 immensaque
1455 518 1570 568 viscera
1578 521 1740 581 τιμίω

177 594 252 643 Quae
271 592 315 640 tibi
332 589 455 640 iacturum
475 605 572 653 poenas
589 591 686 638 instare
704 594 805 637 tunsum
958 590 1110 638 Necmorar
1128 587 1196 652 quod
1211 595 1313 650 pontus,
1321 586 1476 652 quodterra,
1483 587 1562 652 qnod
1572 586 1741 652 educatae,

177 662 311 710 vaticinor
329 661 448 719 moriens,
466 661 547 709 nostri
565 660 655 709 solatia
674 658 729 707 leti.
871 657 932 720 [rto
959 658 1061 717 Poscit;
1079 663 1107 706 et
1130 658 1254 720 appositis
1269 659 1385 721 queritur
1400 656 1500 706 ieiunia
1520 656 1645 721 messala,

177 731 346 795 Persequitur
365 731 448 778 scelus
465 729 508 777 ille
527 744 614 778 suum:
633 726 813 790 labefactaque
827 725 933 775 tandem
960 728 1041 791 inque
1056 727 1137 789 epulis
1155 727 1245 789 epulas
1260 727 1378 789 quaerit:
1398 726 1526 791 qnodque
1543 726 1665 777 urbibus
1676 740 1742 790 ease,

177 800 274 851 ictibus
292 799 440 859 innumeris,
458 798 622 862 adductaque
641 794 743 845 funibus
761 796 838 845 arbor
960 796 1087 860 Quodque
1104 798 1165 845 satis
1182 796 1277 859 populo
1292 801 1404 858 poterat,
1425 810 1477 844 oon
1491 794 1603 845 suffieit
1617 797 1676 847 aut.

177 869 289 929 Corruit,
303 875 329 917 et
342 868 447 916 multam
466 869 606 930 prostravit
618 867 733 928 pondere
747 867 845 914 silvam.
960 868 1073 930 Plusque
1086 866 1222 929 cupit,quo
1231 867 1305 928 plura
1314 880 1384 914 snam
1397 864 1519 914 demittit
1532 866 1562 914 in
1573 867 1682 916 alvan.
1692 870 1741 916 stt

177 939 312 990 Attonitae
332 937 451 1000 Dryades
469 936 565 985 damno
582 936 753 999 nemorisque,
771 948 885 997 suoque,
960 936 1046 999 thue
1064 934 1157 984 fretum
1176 935 1268 997 recipit
1285 934 1318 984 de
1337 940 1392 983 tota
1408 933 1521 984 domina
1544 941 1639 997 tersa,

177 1009 276 1058 Omnes
294 1020 443 1069 germanae,
460 1006 582 1054 Cererem
601 1020 657 1053 cum
673 1004 785 1052 vestibus
802 1005 865 1052 atris
872 1002 934 1066 [780
962 1006 1017 1054 Nec
1033 1006 1141 1054 satiatur
1153 1005 1243 1069 aquis,
1263 1005 1463 1068 peregrinosque
1486 1005 1581 1054 ebibit
1595 1020 1712 1068 amnear

176 1078 328 1128 Maerentea
346 1076 454 1136 adeunt,
475 1089 634 1138 poenamque
651 1072 834 1123 Erisielrtlronia
850 1077 934 1122 orant.
961 1074 1047 1139 thue
1061 1089 1142 1137 rapax
1159 1075 1285 1136 ignianon
1304 1087 1415 1137 unquam
1432 1074 1571 1124 alimenta
1588 1083 1712 1137 reum

177 1146 278 1198 Annuit
297 1146 344 1207 uis,
361 1145 502 1209 canitieque
521 1145 559 1194 sui
577 1143 747 1208 pulcherrima
766 1151 835 1191 motu
961 1143 1164 1208 innumeraeque
1180 1144 1382 1203 trabescremat,
1394 1148 1431 1203 et,
1446 1158 1500 1207 qno
1517 1144 1607 1208 eopia
1626 1146 1712 1195 maiar

178 1215 314 1266 Concurrit
331 1214 443 1277 gravidis
460 1221 579 1263 oneratos
597 1213 721 1263 messibus
739 1225 833 1274 agros:
962 1214 1009 1262 list
1020 1213 1092 1274 data,
1108 1214 1182 1276 plura
1197 1212 1271 1274 petit,
1283 1213 1409 1275 turbaque
1422 1213 1549 1262 voracior
1559 1214 1744 1279 ipsaeatrbit

176 1286 336 1348 Moliturque
354 1298 435 1346 genus
453 1298 553 1347 poenae
571 1283 726 1343 miserabile,
743 1283 765 1331 vi
783 1294 833 1330 non
962 1284 1004 1331 Sic
1022 1284 1110 1346 epulas
1128 1295 1216 1330 omnes
1235 1281 1419 1330 Brisicbtironiv
1436 1295 1482 1330 ora
1506 1280 1629 1346 profani

178 1355 227 1407 Ille
246 1355 296 1404 sois
316 1360 385 1403 esset
401 1355 465 1403 nulli
483 1353 632 1403 miserabilis
650 1353 724 1412 actis,
963 1352 1109 1415 Accipiunt,
1123 1356 1282 1415 poscuntque
1299 1351 1380 1401 simul.
1416 1350 1498 1401 Cibus
1517 1354 1615 1404 omnia
1637 1354 1668 1405 ia
1687 1353 1732 1404 db

177 1423 309 1475 Pestitera
323 1425 437 1474 lacerare
455 1424 544 1473 Fame.
580 1423 654 1473 Quae
672 1426 798 1485 quatenus
819 1416 868 1480 ipsi
886 1420 936 1465 188
962 1421 1046 1471 corn
1058 1422 1107 1471 cibi
1120 1428 1169 1482 ert,
1184 1434 1337 1486 semperque
1356 1422 1425 1470 iecur
1441 1419 1472 1469 fic
1490 1421 1590 1473 inani,
1605 1423 1730 1475 ρας*

96 1521 98 1526 ·
178 1493 237 1546 Non
251 1492 372 1542 adeunda
390 1492 457 1542 deae
481 1500 536 1555 est,
560 1505 643 1556 neque
668 1489 736 1539 euim
763 1487 937 1551 Cereremque
963 1490 1068 1555 iamque
1086 1489 1155 1539 tame
1172 1490 1269 1552 patrias
1286 1490 1382 1555 altique
1399 1490 1530 1554 voragine
1551 1495 1668 1545 veram

605 1561 760 1622 Famemque
963 1561 1122 1610 Attenuarat
1138 1573 1219 1623 opes:
1238 1559 1284 1608 sed
1303 1560 1467 1610 inattenuata
1484 1563 1633 1612 manebas
1699 1567 1747 1614 888

179 1631 248 1683 Fata
264 1631 334 1681 coire
352 1630 447 1690 sinunt,
465 1629 580 1679 montani
598 1628 709 1678 numinis
727 1640 804 1675 unam
960 1631 1026 1678 'lum
1041 1644 1150 1696 quoque,
1172 1628 1229 1678 dira
1241 1629 1338 1689 tamen
1357 1630 1577 1695 implacataeque
1599 1633 1719 1696 vigebat

178 1702 283 1750 'i'alibuv
299 1707 428 1763 agrestem
446 1701 585 1762 compellat
601 1698 708 1748 Oreada
725 1695 816 1746 dictis:
963 1700 1078 1748 itta-rna
1093 1701 1177 1762 gulae.
1212 1698 1337 1757 Tandem,
1354 1698 1464 1748 demisso
1474 1699 1500 1747 iu
1520 1701 1640 1753 viscera
1657 1716 1750 1767 cena,

179 1771 228 1820 Est
248 1772 317 1819 locus
336 1769 457 1819 extremis
475 1769 596 1831 Scythiae
614 1767 728 1830 glacialia
746 1766 771 1814 in
790 1763 850 1827 oris,
875 1763 938 1828 [100
963 1768 1029 1818 Filia
1046 1771 1171 1826 restabat,
1188 1782 1239 1817 non
1258 1769 1300 1818 ilio
1318 1769 1396 1831 digna
1418 1775 1546 1830 parente.

179 1841 265 1890 Triste
278 1841 368 1900 solum,
379 1838 483 1898 sterilis,
497 1838 551 1887 sine
565 1835 649 1899 fruge,
664 1839 720 1886 sine
731 1835 834 1894 arbore,
851 1834 937 1892 1811011
963 1839 1040 1888 Hanc
1053 1853 1153 1903 quoqne
1170 1837 1352 1902 venditinopa.
1390 1838 1534 1887 Dominum
1550 1854 1749 1903 generosus·

179 1909 273 1971 Frigus
295 1910 365 1959 iners
389 1909 441 1957 illic
458 1908 585 1968 habitant,
604 1908 754 1970 Pallorque,
772 1905 938 1968 hemorque,
1387 1913 1475 1966 curm

180 1978 215 2028 Et
232 1979 318 2027 ieiuna
336 1979 445 2027 Fames:
465 1992 496 2026 ea
514 1991 542 2026 se
561 1977 586 2024 ln
605 1973 757 2042 praecordia
774 1971 871 2022 condat
964 1976 998 2025 iit
1016 1975 1099 2024 vicina
1115 1989 1174 2025 snas
1192 1975 1303 2026 tendent
1322 1991 1401 2039 super
1417 1990 1537 2039 aequora
1552 1978 1683 2044 palmas,
1700 1982 1749 2031 880

179 2047 303 2110 Sacrilegi
321 2048 456 2107 scelerata,
474 2047 549 2106 inber
573 2057 623 2096 nec
640 2046 716 2111 copia
734 2055 819 2094 rerum
965 2045 1043 2107 Eripe
1060 2059 1100 2093 me
1115 2044 1227 2104 domiuo,
1241 2047 1284 2110 qui
1304 2050 1396 2109 raptae
1411 2046 1531 2109 praemia
1553 2048 1642 2098 nobis

178 2117 274 2167 Vincat
288 2131 355 2178 eam,
369 2123 524 2181 superetque
539 2127 610 2164 meas
628 2112 771 2166 certamine
785 2112 867 2162 vires.
902 2175 904 2179 Ι
964 2114 1124 2177 virginitatis
1139 2115 1228 2176 babes,
1249 2116 1300 2164 ait:
1318 2117 1382 2166 baec
1398 2117 1542 2178 Neptunus
1565 2116 1716 2179 babebatr

178 2186 254 2239 Neve
276 2187 331 2235 viae
350 2185 459 2248 spatium
480 2192 506 2235 te
525 2192 627 2236 terreat
644 2186 733 2248 accipe
754 2195 854 2242 currus,
888 2183 938 2230 ros
964 2185 1015 2236 Qui
1035 2198 1112 2247 prece
1132 2199 1182 2235 nou
1200 2191 1296 2247 spreta,
1309 2187 1422 2250 quamvis
1439 2185 1517 2234 modo
1534 2188 1598 2238 riaa
1619 2188 1748 2254 aequanti

178 2256 287 2319 Accipe,
302 2270 365 2321 quus
380 2252 459 2305 irenis
475 2257 527 2305 alte
540 2253 688 2317 moderere,
708 2251 841 2303 dracones.
965 2255 1041 2304 Esset
1056 2255 1127 2315 bero,
1142 2252 1301 2319 formamque
1317 2262 1403 2314 norat,
1424 2256 1585 2321 voltumque
1601 2258 1715 2309 viriieaa

178 2325 214 2375 Et
230 2325 312 2375 dedit.
348 2324 607 2375 Iliadatosubveetn
627 2339 675 2388 per
690 2337 751 2374 aera
766 2336 843 2371 curru
965 2324 1062 2386 induit,
1081 2331 1108 2372 et
1125 2325 1208 2373 cultus
1227 2324 1320 2386 piscem
1339 2325 1500 2387 capientibus
1517 2333 1617 2389 aptos.
1697 2332 1747 2378 881

178 2396 292 2446 Devenit
308 2396 334 2444 ln
349 2395 496 2457 Scythiamq
515 2395 641 2458 rigidique
661 2393 794 2443 cacumine
813 2389 905 2439 montis
966 2394 1042 2442 lianc
1063 2391 1179 2442 domiuus
1200 2401 1328 2456 spectans,
1347 2395 1372 2444 0
1390 2396 1432 2458 qni
1449 2393 1606 2455 pendentia
1621 2413 1715 2462 pas-ra

173 2465 324 2529 ¹(Carrcssson
344 2465 494 2527 appellanti
519 2468 669 2527 serpentum
686 2464 751 2514 eolla
765 2460 871 2521 levavit,
965 2463 1037 2512 Aera
1054 2463 1110 2511 cibo
1127 2465 1206 2521 celas,
1224 2463 1372 2512 moderator
1388 2464 1534 2525 arundinis,
1554 2465 1661 2533 inquit,
1718 2473 1721 2479 '

174 2532 380 2597 'Quaesitamque
399 2533 506 2581 Famem
526 2531 643 2596 lapidoso
663 2531 729 2581 uidit
743 2531 768 2578 in
783 2543 854 2591 agro,
889 2531 940 2576 800
965 2532 1008 2580 Slc
1026 2546 1096 2579 mare
1116 2532 1292 2593 compositum,
1312 2533 1347 2582 sic
1365 2533 1397 2583 sit
1414 2535 1459 2582 tibi
1476 2534 1559 2595 piscia
1580 2537 1609 2586 in
1634 2538 1714 2591 ran&

178 2604 322 2663 Unguibus,
336 2609 363 2650 et
377 2616 448 2650 raras
465 2602 605 2651 vellentem
629 2600 750 2650 dentibus
769 2598 871 2646 herbas.
966 2599 1102 2659 credulus,
1121 2607 1147 2649 et
1165 2603 1256 2660 nullos,
1275 2603 1322 2651 nisi
1340 2601 1415 2663 fixus,
1434 2605 1529 2652 sentiat
1552 2605 1675 2672 baannar

179 2672 271 2723 iiirtus
288 2678 346 2720 erat
363 2671 447 2730 crinis,
468 2685 532 2718 cava
554 2667 661 2730 lumina,
679 2669 761 2730 pallor
778 2667 872 2728 inore,
967 2671 1039 2722 Quae
1057 2669 1205 2720 modorum
1228 2671 1271 2719 vili
1286 2673 1395 2721 turbatis
1416 2682 1487 2722 reste
1501 2675 1612 2735 capillia
1694 2682 1745 2729 80

179 2741 264 2792 labra
280 2742 372 2788 incana
393 2740 452 2799 situ,
473 2741 556 2789 scabri
572 2738 688 2802 rubigine
706 2736 817 2794 deutes;
966 2740 1052 2789 Litore
1069 2740 1093 2788 ln
1111 2741 1159 2788 boc
1180 2746 1299 2802 steterat,
1312 2756 1371 2789 narn
1385 2748 1496 2791 stantem
1514 2742 1540 2790 ln
1555 2743 1644 2796 litore
1663 2749 1729 2811 vidi,

152 2802 160 2811 ’
179 2811 251 2861 Dura
272 2810 346 2866 cutia,
369 2822 416 2870 per
437 2823 513 2871 quam
543 2809 655 2873 spectari
669 2809 767 2858 viscera
781 2811 905 2868 possent;
968 2811 1015 2858 liic
1029 2809 1071 2857 ubi
1086 2809 1133 2858 sit:
1152 2824 1236 2873 neque
1259 2813 1326 2859 enim
1342 2813 1449 2874 vestigia
1463 2808 1566 2874 ldngius
1579 2823 1710 2870 exstant.

181 2879 248 2929 Ossa
270 2879 316 2927 sub
336 2876 447 2926 incurris
469 2882 608 2928 exstabant
627 2876 700 2928 arida
713 2876 821 2934 lumbis;
891 2877 940 2922 805
966 2880 1015 2927 illa
1034 2877 1076 2927 dei
1094 2893 1184 2927 munuc
1203 2880 1268 2928 bene
1286 2881 1380 2930 cedere
1398 2882 1487 2941 sentit,
1506 2889 1533 2931 et
1552 2897 1570 2932 a
1592 2899 1623 2935 se

180 2947 287 2996 ventrio
301 2954 358 2996 erat
368 2961 415 3009 pro
431 2955 521 2996 ventre
545 2951 632 3008 locus;
651 2947 768 3011 pendere
785 2949 890 3008 putares
966 2949 1000 2997 So
1015 2949 1103 3012 quaeri
1118 2948 1243 3010 gasrdem,
1257 2951 1294 2999 bis
1313 2958 1352 3000 est
1366 2960 1483 3000 resecuta
1500 2961 1670 3014 rogantem

179 3017 285 3078 Pectus,
307 3023 334 3065 et
347 3031 363 3064 a
379 3016 469 3078 apinae
490 3018 669 3068 tantummodo
690 3022 762 3065 crate
779 3015 872 3063 teneri.
967 3018 1086 3080 Quisquis
1100 3031 1138 3076 ea,
1151 3019 1283 3080 ignoscas3
1303 3021 1327 3068 in
1343 3021 1436 3069 nullam
1452 3023 1549 3070 lumina
1568 3031 1743 3084 partenafli

181 3086 300 3137 Auxerat
316 3085 437 3134 articulos
457 3086 561 3147 macies,
579 3099 742 3149 genuumque
761 3084 860 3145 rigebat
966 3088 1074 3149 Gurgite
1090 3088 1123 3135 ab
1143 3088 1190 3135 boc
1206 3088 1276 3148 flexi,
1292 3090 1426 3154 studioque
1442 3099 1566 3153 operatua
1584 3094 1708 3148 inbaeal.

181 3154 269 3217 Orbis,
286 3162 314 3203 et
331 3154 466 3204 immodico
484 3155 622 3218 prodibant
639 3157 732 3206 tubere
754 3154 808 3202 tuli.
878 3152 940 3216 [810
966 3160 1074 3221 Quoque
1093 3158 1175 3206 minus
1189 3158 1301 3216 dubites,
1317 3161 1409 3208 sichar
1423 3160 1487 3209 deus
1504 3165 1634 3224 aequoris
1648 3173 1727 3218 araas

180 3224 259 3277 lianc
275 3225 364 3286 procul
377 3232 404 3273 ut
420 3224 492 3285 vidit,
506 3240 591 3291 neque
606 3227 673 3278 enirn
685 3231 725 3274 est
734 3222 859 3272 accedere
869 3222 941 3271 iuxta
967 3227 1090 3286 Adinret,
1109 3233 1137 3274 ut
1152 3241 1227 3275 nemo
1245 3228 1392 3277 iamdudum
1408 3231 1482 3278 litore
1500 3231 1605 3293 inlato,

181 3295 263 3354 Ausa,
281 3292 363 3343 refert
378 3293 501 3343 mandata
520 3295 606 3356 deae;
625 3297 779 3360 paulumque
798 3298 906 3351 murata,
966 3297 1011 3345 iiie
1028 3301 1114 3344 tamen
1130 3305 1248 3358 excepto,
1263 3312 1310 3345 nec
1324 3297 1417 3347 semina
1430 3300 1542 3348 coristitit
1558 3303 1627 3354 ulla.

181 3365 334 3428 Quanquam
354 3363 445 3413 aberat
457 3365 549 3429 longe,
573 3378 719 3430 quanquam
739 3361 814 3412 modu
832 3365 941 3410 venerat
966 3363 1093 3424 Credidit,
1103 3370 1130 3414 et
1143 3380 1217 3415 verso
1229 3367 1345 3416 dominus
1353 3368 1419 3431 pede
1430 3369 1522 3431 pressit
1536 3382 1674 3437 arenam
1688 3378 1741 3426 m

606 3438 675 3494 illuc,
967 3436 1108 3498 Elususque
1128 3436 1198 3487 abiit.
1235 3436 1275 3485 illi
1294 3452 1340 3486 stra
1357 3437 1461 3487 reddita
1478 3437 1559 3487 forma
1581 3449 1635 3493 eat.

181 3502 244 3551 Visa
263 3508 349 3551 tamen
369 3504 479 3552 sensisse
498 3504 623 3565 Famem3
645 3512 766 3566 retroque
781 3499 906 3551 dracones
967 3505 1017 3554 Ast
1038 3505 1079 3553 ubi
1101 3505 1197 3555 lrabere
1219 3520 1290 3555 suam
1306 3507 1469 3556 transformia
1490 3523 1602 3570 corpora
1624 3515 1724 3580 sentit,

182 3571 242 3631 Egit
259 3572 284 3620 in
304 3572 483 3633 Haemoniam,
502 3576 581 3624 versis
601 3574 714 3624 sublimia
731 3570 846 3620 habenis.
966 3575 1050 3636 Saepe
1069 3582 1144 3636 pater
1165 3576 1272 3624 dominis
1293 3576 1432 3639 Triopeida
1454 3578 1552 3626 vendit.
1592 3581 1635 3632 As
1654 3584 1705 3635 iiia

182 3641 258 3692 Dicta
274 3641 367 3690 Fames
382 3642 495 3701 Cereris,
507 3645 622 3707 quamvls
635 3642 763 3693 codtraria
775 3653 877 3703 semper
890 3642 940 3688 810
967 3644 1043 3693 Nunc
1056 3659 1131 3707 equa,
1142 3660 1210 3694 nunc
1218 3647 1281 3703 ales,
1291 3646 1365 3694 modo
1376 3648 1429 3705 bos,
1440 3648 1515 3696 modo
1526 3662 1624 3700 cervus
1632 3654 1740 3713 abibat,

181 3710 255 3759 illius
274 3717 314 3759 est
332 3711 412 3771 operi,
430 3713 544 3772 peragit3
564 3727 664 3777 perque
682 3726 744 3761 aera
763 3715 839 3758 vento
966 3714 1163 3777 Praebebatque
1176 3715 1252 3764 avido
1268 3730 1317 3762 nou
1333 3716 1399 3765 iusta
1413 3718 1535 3765 alimenta
1551 3723 1674 3779 parenti.
1685 3726 1739 3773 818

182 3779 226 3831 Ad
244 3780 336 3828 iussam
352 3778 440 3828 delata
454 3779 556 3830 domum
573 3790 631 3832 est:
651 3788 679 3829 et
698 3780 815 3844 protinus
827 3779 906 3829 intrat
967 3783 1012 3832 Vis
1028 3790 1113 3833 tamen
1126 3785 1169 3832 illa
1185 3785 1244 3833 mali
1264 3793 1396 3848 postquam
1413 3796 1610 3848 consumpserat
1627 3806 1739 3843 omnen

183 3848 305 3911 Sacrilegi
330 3849 470 3909 thalamos;
489 3853 593 3915 altoque
618 3865 710 3915 sopore
734 3849 843 3896 solutum
966 3853 1113 3911 Materiam,
1128 3854 1289 3917 dederatque
1301 3856 1372 3917 gravi
1391 3871 1456 3905 nova
1473 3857 1567 3919 pabula
1582 3863 1702 3924 morbo;

186 3919 289 3974 (Noctis
310 3925 366 3966 erat
384 3917 501 3982 tempus)
516 3922 623 3983 geminis
641 3918 803 3983 amplectitur
817 3919 873 3978 alis,
967 3922 1028 3984 ipse
1047 3937 1104 3971 suos
1122 3930 1192 3972 artus
1211 3925 1296 3972 lacero
1314 3924 1438 3973 divellere
1457 3941 1540 3974 morsu

184 3988 269 4051 Seque
287 3988 338 4036 viro
357 3988 473 4051 inspirat,
485 3988 634 4056 faucesque,
648 3998 674 4040 et
689 3995 788 4053 pectus,
798 3993 824 4036 et
837 4002 882 4038 ora
890 3991 940 4038 82⁰
966 3992 1066 4052 Coepit,
1085 3999 1112 4040 et
1129 3992 1218 4041 infelix
1236 3994 1374 4042 minuendo
1392 4010 1484 4057 corpus
1503 3997 1601 4046 alebat.

184 4056 275 4116 afflat,
295 4057 364 4106 etin
383 4059 469 4108 vacuis
488 4063 585 4124 spargit
603 4061 697 4110 ieiunia
716 4058 796 4106 venis.
966 4061 1034 4111 Quid
1049 4076 1133 4109 moror
1147 4063 1278 4110 externiut
1296 4065 1372 4111 etiam
1391 4066 1449 4112 mihi
1464 4080 1541 4127 saepe
1552 4069 1738 4124 novendium

183 4127 334 4191 Functaque
353 4129 475 4177 mandato
493 4128 633 4179 fecundum
651 4128 749 4179 deserit
766 4128 863 4189 orbern,
966 4130 1095 4192 Corporis,
1114 4133 1256 4192 niuvenes,
1275 4147 1380 4181 numero
1397 4133 1469 4182 finito
1486 4143 1611 4196 potestas.

183 4196 265 4259 inque
285 4197 374 4245 domna
393 4196 492 4259 inopes,
510 4206 613 4249 assueta
632 4199 770 4248 revertitur
787 4210 858 4245 arva.
967 4201 1033 4249 Nam
1059 4199 1143 4261 modo,
1163 4201 1230 4265 quod
1252 4217 1320 4249 nunc
1339 4217 1402 4260 sum,
1427 4205 1525 4263 videor,
1541 4205 1619 4255 modo
1637 4206 1737 4260 flector

183 4265 261 4317 neren
281 4266 367 4315 adbuc
384 4280 486 4315 somnus
504 4269 612 4330 placidis
630 4268 809 4317 Erisiclrtlrona
827 4267 918 4329 pennis
1388 4274 1412 4320 in
1432 4289 1551 4335 anguem,

183 4335 325 4386 Muricebat.
361 4334 432 4383 Petit
445 4336 486 4384 ille
501 4336 581 4399 dapes
596 4338 642 4388 sub
660 4338 769 4397 imagine
781 4337 870 4396 somni,
890 4340 939 4384 att
968 4337 1087 4386 Armenii
1104 4339 1179 4388 modo
1196 4339 1248 4387 dux
1266 4342 1335 4389 vires
1354 4342 1377 4390 in
1398 4357 1492 4391 cornua
1511 4361 1592 4405 sumo,

184 4406 290 4468 Oraque
302 4418 368 4452 vana
382 4410 477 4465 moret,
491 4405 646 4471 dentemque
660 4409 685 4455 iu
703 4402 782 4456 dente
804 4405 906 4469 fatigat,
967 4406 1077 4464 Cornua,
1096 4407 1156 4457 dnm
1176 4411 1262 4472 potui:
1282 4426 1350 4460 nunc
1363 4428 1422 4474 pars
1434 4421 1506 4461 caret
1520 4417 1604 4463 altera
1620 4417 1678 4466 telo

183 4475 347 4538 Eaerretque
359 4475 416 4521 cibo
433 4473 549 4524 delusum
567 4484 660 4539 guttur
669 4477 747 4535 inani,
967 4476 1077 4539 Frontis,
1090 4478 1180 4542 utipso
1190 4479 1270 4530 videa.
1288 4481 1405 4531 Gemitus
1416 4491 1476 4532 sunt
1485 4486 1664 4537 verbaseenti.
1678 4491 1734 4538 888

183 4543 286 4609 Proque
302 4543 384 4608 epulis
398 4549 490 4594 tenues
505 4546 676 4612 nequidquam
695 4546 804 4596 devorat
820 4558 905 4594 auras.

238 4696 277 4740 811
290 4697 389 4754 peragit
402 4695 475 4740 lelna.
489 4696 600 4754 probante
613 4696 693 4741 linem
732 4697 773 4740 811
787 4700 864 4739 ratem
879 4692 956 4741 liotbv
968 4709 990 4742 a.
