3586 5498
118 286 194 360 bru
303 304 338 353 a.
362 301 509 353 ovrnu
532 298 721 348 rasoris
744 290 1060 346 aersroasnurr
1087 290 1140 342 aa
1163 289 1304 342 eoruo
1327 287 1417 337 ura.
1440 286 1488 338 ar.

120 478 249 542 Quodque
267 477 334 526 soles
352 475 447 535 animo,
464 469 531 538 quod
551 485 655 533 semper
673 484 736 520 voce
753 471 865 535 precari,
905 467 948 515 Sic
965 479 1015 527 ego
1031 463 1154 514 continuo
1171 463 1304 512 Fortunae
1320 461 1450 510 rulamor
1476 459 1554 524 ieta,

155 546 249 597 Omnia
269 544 424 594 Caesaribus
441 545 478 591 sic
496 549 541 590 tua
558 539 629 589 facta
646 540 750 601 probes.
940 535 1044 598 Vixque
1064 534 1142 582 babet
1158 533 1183 580 in
1201 531 1273 580 nobis
1288 531 1339 580 lam
1358 544 1433 579 uora
1450 531 1546 591 plaga
1561 529 1658 580 bean.

118 618 206 679 Turpe
224 615 275 663 erit
291 615 316 663 in
336 613 436 661 miseris
455 610 537 659 veteri
556 611 603 657 tibi
622 610 699 657 rebus
720 607 804 657 amloo
907 603 965 652 Nec
977 605 1058 666 magia
1074 601 1177 651 assiduo
1196 614 1286 649 vomer
1298 605 1427 648 teaaatur
1440 599 1480 647 ab
1501 612 1571 660 aaa,

155 685 289 734 Auxilium
307 683 378 731 nulla
397 686 472 742 parte
490 680 580 727 tulisse
599 685 681 726 tuum.
848 680 882 724 ²⁰
942 673 998 722 Nec
1016 672 1098 732 magia
1115 676 1155 720 eat
1172 670 1258 719 curvis
1277 668 1365 730 Appia
1383 669 1454 716 trita
1473 669 1571 729 resin

118 755 205 815 Turpe
223 750 323 801 reterre
342 749 446 812 pedem,
465 763 514 796 nec
531 761 608 810 passu
627 752 697 794 stare
715 745 817 806 tenaci,
907 743 1018 791 Pectora
1032 755 1108 804 quam
1119 753 1178 787 mea
1193 745 1254 787 aunt
1273 737 1341 786 serie
1352 742 1470 785 caeeata
1485 738 1628 802 labem,
1659 742 1690 788 tt

154 824 240 885 Turpe
259 821 419 869 laborantem
439 816 584 867 deseruisse
607 821 700 865 ratem.
941 810 974 858 Et
993 810 1055 858 nihil
1074 807 1250 871 inseui‚quod
1272 805 1335 854 mibi
1349 804 1439 854 ferret
1456 820 1561 869 opem.

117 892 207 954 Turpe
226 890 298 953 sequi
316 903 413 949 casum,
431 893 459 935 et
477 887 609 934 Fortunae
627 883 732 947 cedere,
753 882 864 932 amicum
907 880 1015 928 Artibus
1030 878 1148 940 ingenuis
1162 877 1279 940 quaesita
1297 880 1337 924 eat
1357 875 1447 937 gloria
1470 876 1594 927 maltha

154 960 199 1019 Et,
217 959 265 1007 nisi
284 959 317 1006 sit
335 955 408 1016 felix,
427 969 483 1003 esse
503 967 600 1015 negare
620 966 704 1000 suum.
836 951 881 1013 [2⁵
941 946 1038 996 Infelix
1058 946 1122 1009 perii
1140 946 1244 995 dotibus
1261 945 1317 1006 ipse
1335 943 1411 992 unda.

119 1028 179 1078 Non
189 1029 225 1075 ita
240 1024 491 1086 vixeruntStropbio
504 1030 583 1084 atque
599 1019 794 1082 Agamemnone
812 1019 881 1069 uati:
907 1015 970 1065 Vita
985 1017 1054 1078 prior
1070 1016 1132 1063 vitio
1153 1019 1235 1076 caret,
1249 1019 1276 1061 et
1287 1013 1343 1061 siue
1358 1012 1422 1061 labe
1438 1019 1589 1076 peractae

103 1097 108 1112 ’
155 1097 213 1146 Νοιι
235 1096 300 1142 baec
318 1093 438 1153 Aegidae
456 1090 618 1153 Pirithoique
636 1089 712 1138 tides.
941 1085 1041 1134 Auxilii
1060 1085 1152 1132 misero
1169 1084 1206 1131 nil
1224 1083 1282 1131 tulit
1298 1083 1342 1130 illa
1362 1081 1441 1130 mihi.
1661 1086 1690 1132 tt

119 1166 192 1219 Quos
210 1164 280 1226 prior
298 1168 339 1211 est
359 1162 461 1221 mirata,
479 1173 591 1223 sequens
608 1159 742 1207 mirabitur
759 1161 848 1206 aetast
907 1155 990 1216 Culpa
1007 1153 1091 1215 gravis
1110 1152 1229 1215 precibus
1247 1150 1361 1199 donatur
1375 1164 1466 1212 saepe
1487 1165 1631 1202 aaorana

154 1234 185 1282 lu
205 1246 313 1297 quorum
331 1232 437 1292 plausus
456 1235 511 1279 tota
531 1229 633 1277 theatra
651 1232 753 1276 sonant.
942 1223 1035 1272 Omnis
1053 1235 1099 1283 pro
1118 1221 1191 1271 nobis
1208 1220 1291 1282 gratia
1309 1223 1382 1267 muta
1400 1217 1469 1269 fuit.

118 1303 159 1351 'ru
177 1316 288 1365 quoque,
306 1315 353 1362 per
371 1299 464 1348 durum
481 1304 585 1347 seruato
603 1303 706 1358 tempus
721 1292 814 1357 amico,
907 1292 1025 1342 Adiuvat
1041 1293 1066 1338 in
1086 1289 1157 1338 duris
1174 1291 1238 1338 alios
1255 1287 1408 1350 praesentia
1427 1288 1540 1340 sebosa

155 1358 256 1433 Dignus
276 1384 303 1417 es
322 1370 347 1417 in
366 1369 446 1417 tantis
465 1381 558 1416 nomen
577 1365 673 1413 habere
697 1363 767 1412 viria.
850 1367 882 1411 to
943 1361 1039 1410 Obruit
1057 1360 1105 1408 hoc
1123 1360 1217 1407 absens
1234 1363 1307 1406 vasta
1325 1358 1451 1420 procella
1470 1362 1578 1422 caput.
1653 1359 1692 1424 [tt

120 1440 220 1501 Dignus
239 1453 283 1497 ea;
303 1445 339 1496 et,
356 1438 475 1499 quoniam
493 1435 596 1485 laudem
615 1435 716 1497 pietate
731 1431 850 1496 mereris,
908 1432 982 1482 (tuae
997 1444 1047 1477 non
1064 1428 1212 1477 horruerint
1227 1427 1331 1476 tacitam
1344 1440 1457 1490 qaoque
1467 1426 1609 1479 Caesarb
1621 1428 1694 1479 inat

126 1508 129 1515 '
155 1509 214 1556 Nou
233 1508 282 1555 erit
301 1505 376 1554 officii
395 1505 478 1567 gratia
496 1504 575 1554 surda
594 1504 640 1551 tui.
943 1497 1042 1547 Addita
1060 1503 1120 1546 sunt
1138 1496 1227 1559 poeuis
1245 1508 1338 1558 aspera
1357 1495 1445 1545 rerba
1466 1497 1553 1546 meis.

121 1576 207 1625 Crede
227 1576 298 1636 mibi,
317 1581 430 1622 nostrum
450 1574 471 1622 si
488 1588 538 1621 nou
558 1571 667 1620 mortale
686 1566 801 1617 futurum
908 1569 950 1617 Fit
970 1566 1031 1629 suga
1054 1566 1213 1628 temporibus
1236 1564 1328 1612 levior:
1346 1564 1495 1626 proiectus
1509 1566 1542 1616 iu
1558 1580 1663 1634 aaqaor

156 1645 279 1705 Carnien,
295 1644 321 1692 in
339 1657 385 1692 ore
402 1641 526 1706 frequent
542 1639 700 1703 posteritatis
719 1637 778 1686 eris.
943 1635 1083 1685 Arcturum
1103 1635 1177 1696 subii,
1196 1633 1385 1696 Pleiadumque
1404 1633 1514 1685 minas.

120 1714 175 1762 Fae
193 1712 269 1761 modo
287 1725 442 1775 permaneas
460 1712 542 1772 lapso,
561 1708 700 1767 Graecine,
720 1704 815 1768 fidelis,
850 1708 882 1754 tt
908 1707 994 1768 Saepe
1010 1704 1095 1752 solent
1113 1704 1223 1751 biennem
1243 1700 1372 1764 placidam
1397 1704 1514 1752 sentire
1537 1705 1667 1756 mnne:

156 1783 241 1830 Duret
259 1785 286 1828 et
304 1781 329 1828 in
350 1782 439 1841 longas
457 1781 568 1840 impetus
586 1778 635 1826 iste
653 1789 746 1824 moras.
943 1775 1001 1823 Non
1016 1772 1123 1822 ithacae
1139 1772 1220 1834 puppi
1235 1771 1335 1819 sacrior
1345 1769 1419 1818 unda
1434 1769 1506 1822 fuls.
1667 1778 1696 1824 α

122 1850 198 1903 Quae
213 1857 241 1898 tu
256 1864 334 1912 quum
349 1855 476 1910 praestes,
495 1861 565 1895 remo
584 1853 672 1894 tamen
687 1851 745 1892 utor
757 1843 784 1892 in
803 1856 881 1892 aura:
910 1845 991 1892 Recta
1005 1841 1071 1891 fides
1088 1842 1208 1890 comitum
1226 1845 1330 1903 poterat
1345 1840 1417 1888 mala
1434 1848 1543 1892 nostra
1556 1844 1668 1895 temes

156 1919 200 1968 Nil
219 1924 296 1967 uocet
313 1915 425 1966 admisso
442 1914 554 1966 subdere
572 1917 658 1963 calcar
676 1926 751 1976 equo.
942 1912 1033 1961 Ditata
1054 1917 1095 1959 est
1109 1910 1196 1973 spoliis
1215 1907 1317 1971 perfida
1336 1909 1414 1957 turba
1434 1911 1526 1961 meir.

271 2011 616 2075 mmmm
659 2010 725 2073 vu·
908 1977 1578 2112 ”listellam:remellatta

120 2117 186 2168 Este
204 2117 343 2165 salutatum
362 2114 418 2162 vult
438 2119 463 2161 te
482 2125 540 2160 mea
558 2112 646 2159 littera
664 2110 774 2172 primum
906 2120 956 2171 1⁴:32
972 2118 1078 2182 utquid,
1094 2117 1184 2179 patrii.
1198 2115 1309 2165 vicinum
1321 2112 1426 2183 [finium
1446 2130 1538 2169 em,
1668 2124 1699 2168 ῃ

156 2185 181 2235 Α
194 2186 267 2266 ,male
286 2184 394 2263 pacatis,
413 2182 512 2261 Attice,
531 2181 609 2229 missa
627 2179 710 2228 Getis·
944 2188 1041 2235 ultim
1058 2200 1099 2234 me
1118 2187 1204 2246 teum,
1223 2185 1325 2232 numos
1342 2185 1414 2233 oron
1433 2185 1542 2238 baeer.

120 2255 245 2334 Proxima
263 2254 434 2317 subsequitur,
454 2250 514 2331 quid
532 2265 603 2330 agas,
625 2249 718 2297 audire
737 2250 867 2312 voluptas,
909 2258 1031 2306 Praestat
1051 2260 1079 2303 et
1096 2254 1226 2303 exsulibus
1243 2267 1333 2314 paoem
1350 2259 1397 2301 tua
1413 2254 1532 2318 laurea,
1546 2257 1670 2309 oseam

155 2324 189 2372 Et
209 2338 238 2383 ⁸¹2
256 2321 378 2387 quicquid
398 2336 470 2384 ⁸8³³,
489 2326 521 2368 ⁸¹¹
538 2321 585 2368 llbl
603 2332 666 2366 ΟΜ
685 2317 745 2367 mel·
944 2325 1053 2375 Pontica
1072 2322 1179 2372 finitimo
1197 2327 1266 2371 terra
1285 2322 1331 2371 sub
1350 2323 1427 2371 hoste
1447 2325 1544 2376 iacet.

121 2393 178 2444 Nee
187 2391 276 2441 dubito
291 2393 351 2455 quin
362 2391 409 2441 sit:
428 2390 474 2438 sed
493 2403 533 2436 me
544 2389 620 2436 timor
635 2389 690 2450 ipse
708 2388 833 2437 malorum
869 2392 884 2435 b
908 2397 1022 2456 Tempus
1040 2392 1066 2441 ln
1081 2406 1202 2453 agrorum
1222 2392 1291 2440 cultu
1309 2404 1473 2440 consumere
1492 2393 1587 2445 dulae
1610 2402 1671 2447 aste

155 2463 241 2523 Saepe
261 2474 434 2523 supervacuos
454 2459 524 2519 cogit
542 2458 639 2505 babere
658 2463 751 2504 metus.
945 2463 1003 2512 Non
1021 2461 1119 2524 paritur
1132 2461 1201 2510 veni
1221 2460 1346 2508 barrum,
1365 2459 1451 2509 hom,
1477 2462 1616 2527 mm,
1669 2468 1701 2515 π

120 2532 163 2581 Da
179 2531 292 2603 veniam,
310 2542 416 2592 quaeso,
433 2526 562 2589 nimioque
581 2526 685 2586 ignosce
704 2524 798 2586 timori,
909 2530 1047 2594 Temporis
1063 2530 1128 2579 0001}
1144 2543 1289 2592 corpusque
1308 2528 1468 2592 mmm„
1488 2531 1637 2586 {mun

154 2599 318 2662 Tranquillas
337 2597 415 2645 etiam
433 2592 573 2655 naufragus
592 2593 680 2641 horret
697 2607 787 2656 aquas.
945 2601 1053 2662 Frigore
1066 2605 1194 2661 perpetuo
1210 2598 1334 2646 samu,
1347 2612 1393 2646 οη
1409 2599 1500 2660 riget,

120 2668 172 2719 tlul
191 2667 271 2714 semel
290 2671 331 2714 ert
349 2664 433 2712 laesus
452 2660 539 2711 fallaci
556 2661 633 2724 piscis
650 2662 682 2710 ab
701 2661 787 2725 hamo,
911 2670 957 2719 nst
973 2670 998 2717 in
1018 2683 1085 2732 aqu„
1098 2667 1168 2717 duret
1184 2682 1235 2715 „011
1253 2665 1380 2716 invidio„
1400 2669 1558 2730 pompm,

156 2734 283 2783 Omnibus
299 2747 365 2781 unca
383 2731 452 2811 cibis.
463 2744 526 2780 aera
544 2731 649 2779 subesse
666 2736 750 2792 putat.
853 2735 884 2780 ld
947 2738 1084 2801 Aequoreo
1100 2737 1196 2785 bibitur
1210 2750 1268 2784 cum
1282 2736 1337 2783 ωε
1354 2735 1432 2783 mim
1451 2739 1554 2799 μω..

121 2804 208 2865 Saepe
226 2802 410 2881 canemllouge
429 2815 509 2848 visum
529 2797 596 2861 fugit
615 2814 691 2861 agua,
710 2801 850 2864 lupumque
910 2808 1006 2858 Omnia
1027 2805 1168 2864 deliciuut3
1188 2805 1288 2854 animus
1304 2809 1389 2852 tamen
1403 2807 1503 2855 omnia
1525 2809 1633 2861 vincite
1669 2814 1700 2861 u

158 2869 258 2931 cfssdsts
278 2876 305 2918 01
321 2883 377 2949 llll}
397 2883 467 2916 'llam
487 2869 574 2916 ”⁰³⁰5ss
592 2869 658 2915 '5¹⁸⁸
677 2881 762 2948 ⁰90³&
945 2877 994 2925 ille
1012 2876 1090 2923 etiarn
1105 2875 1173 2922 vireo
1189 2887 1281 2936 corpus
1297 2873 1394 2922 habere
1413 2871 1494 2923 facit.

120 2940 241 2990 Membra
258 2936 430 3017 reformidant
448 2937 549 3015 mollem
566 2950 665 2998 quoque
679 2949 766 2984 sancta
778 2942 884 3000 tactum,
908 2945 1042 2994 sustines:
1057 2950 1085 2992 ut
1097 2958 1170 3004 onus,
1186 2941 1320 2991 nitendum
1338 2941 1438 2991 vertice
1455 2944 1551 3005 plen„
1567 2955 1632 2999 m.

156 3009 282 3070 Vanaque
301 3008 414 3055 sollicitus
433 3005 526 3053 incutit
544 3004 633 3052 umbra
654 3009 760 3053 motum.
944 3013 982 3063 At
997 3011 1067 3060 flecti
1086 3026 1178 3060 nervos
1194 3012 1214 3061 si
1233 3011 1343 3073 patiare,
1358 3009 1448 3060 cadet.
1621 2985 1631 3011 ’

120 3077 164 3127 sic
182 3091 230 3139 0⁸0
248 3077 385 3155 Fortllllille·
400 3074 456 3153 [elif
475 3071 591 3153 cqqfixqs
610 3072 712 3135 llliqtlld,
853 3079 882 3123 1⁵
908 3083 974 3145 spes
989 3095 1100 3146 quoque,
1119 3095 1194 3143 poue
1210 3095 1281 3128 mor.
1303 3081 1442 3128 mimcefe
1462 3083 1610 3149 principi·
1624 3089 1697 3147 qm,

156 3147 268 3195 ΡΕΟῙΟΓΒ
287 3157 402 3206 conelplss
422 3143 457 3190 ull
479 3157 526 3189 nisi
543 3146 617 3189 triste
631 3155 698 3190 meo.
944 3151 1040 3198 Vivere
1059 3165 1092 3197 ne
1111 3150 1187 3197 nolim
1207 3147 1387 3211 deficigmque'
1404 3155 1499 3200 uper·
1664 3160 1697 3205 u

119 3215 177 3265 Iam
196 3214 258 3262 mibi
276 3211 331 3261 t'ata
350 3214 440 3276 liquet,
458 3217 563 3273 coeptos
582 3209 713 3257 servantia
732 3221 831 3273 cursus,
909 3220 966 3269 Neo
986 3233 1030 3266 vos
1047 3232 1128 3280 parva
1148 3217 1216 3266 datis
1236 3216 1311 3280 pauci
1329 3217 1421 3265 solatia
1442 3220 1540 3283 nobis,

155 3284 208 3332 Per
231 3283 277 3331 sibi
298 3288 435 3330 consuetas
454 3294 557 3342 semper
574 3280 644 3327 itura
659 3279 723 3328 vius.
943 3288 1059 3338 Quorum
1073 3293 1192 3349 ,μαψ
1214 3293 1254 3334 „2
1270 3298 1316 3349 p„
1333 3286 1401 3333 unq„
1418 3294 1519 3337 ,mm
1539 3291 1625 3343 fidu·

121 3352 269 3402 Observare
289 3351 362 3411 deos,
382 3364 415 3398 ne
435 3349 496 3430 quid
515 3349 577 3397 mihi
592 3347 671 3396 cedat
693 3346 785 3430 amice,
909 3357 1089 3418 coeptatque,
1105 3370 1210 3419 quam,
1227 3369 1276 3403 ηερ
1289 3355 1314 3402 q„
1330 3368 1445 3418 „qum
1464 3356 1577 3411 mm
1587 3376 1694 3426 nm,

155 3421 296 3484 verb¹1l¹¹0
319 3421 451 3469 F⁰¹²¹¹¹¹²0
472 3433 516 3467 ”¹
534 3424 598 3479 9⁰¹⁰
614 3430 690 3479 P⁰⁵⁸0
712 3416 777 3465 ⁶³1¹·
849 3421 882 3467 2⁰
942 3427 1039 3489 hicque
1057 3425 1132 3473 simul
1145 3439 1230 3486 serva,
1246 3422 1417 3487 iudiciumque
1431 3431 1525 3477 mum.

119 3489 318 3618 ‘illiti‘
328 3485 779 3605 iiiiii?lll‘llldliili
1052 3523 1124 3583 ur
1146 3523 1157 3584 ι
1179 3522 1201 3582 s
1223 3523 1251 3584 u
1274 3522 1300 3583 ο
1323 3522 1394 3584 ua
1438 3520 1531 3591 vur.

120 3626 208 3676 Crede
226 3626 298 3686 mibi,
312 3624 332 3673 si
351 3639 405 3671 sum
424 3624 480 3672 veri
500 3623 547 3671 tibi
570 3624 687 3682 cognitus
711 3623 772 3682 oris,
908 3623 1036 3673 Redditus
1050 3629 1090 3672 est
1102 3623 1176 3671 uobis
1192 3623 1290 3672 Caesar
1302 3638 1359 3672 en·
1380 3622 1500 3675 Caesare
1516 3643 1613 3695 uapor

155 3695 212 3743 Nec
227 3693 297 3742 fraus
317 3694 342 3740 in
359 3693 453 3740 nostris
475 3691 574 3740 casibus
591 3704 647 3738 esse
665 3697 769 3752 potest;
944 3694 1015 3744 Quos
1036 3693 1098 3741 milri
1117 3692 1216 3753 misisti,
1231 3692 1346 3741 Maxime
1363 3693 1452 3755 Cotta,
1469 3695 1562 3760 deos,
1612 3667 1623 3696 ’

119 3762 264 3825 Cinyphiae
282 3761 377 3822 segetis
399 3761 474 3808 citius
495 3759 641 3807 numerabis
662 3759 765 3819 aristus,
849 3762 882 3808 2⁵
909 3763 994 3826 thue
1011 3767 1081 3809 tuum
1099 3775 1191 3810 munus
1204 3775 1347 3824 numerum,
1357 3775 1432 3825 quem
1448 3763 1551 3831 debet,
1565 3769 1690 3831 babere,

154 3831 269 3894 Altaque
285 3845 361 3893 quarn
376 3829 462 3877 multis
476 3826 570 3877 floreat
592 3827 680 3889 Hybla
696 3825 806 3888 thymis3
943 3831 990 3878 Est
1007 3830 1043 3877 ibi
1061 3830 1216 3879 Caesaribus
1235 3829 1308 3878 Livia
1324 3831 1411 3879 luneta
1429 3833 1495 3883 suia.

118 3900 154 3951 et
171 3906 233 3963 quot
253 3914 315 3949 aves
334 3899 409 3947 mutia
431 3897 547 3947 nitantur
564 3896 589 3943 in
607 3909 670 3944 aera
686 3895 796 3956 pennis;
910 3899 1055 3960 Argentum
1077 3897 1149 3959 felix,
1163 3898 1283 3962 omnique
1300 3900 1400 3948 beatius
1413 3914 1489 3964 auro,
1673 3910 1689 3958 t

154 3969 276 4031 Quosque
294 3972 386 4017 natent
404 3967 487 4028 pisces
505 3979 635 4029 aequore,
655 3969 741 4012 certus
760 3966 829 4016 eris:
943 3966 1029 4025 eund,
1051 3965 1138 4015 fuerat
1157 3967 1268 4028 pretium
1287 3982 1363 4031 quum
1381 3968 1456 4026 rude,
1474 3984 1584 4025 numen
1597 3976 1690 4029 ubst.

119 4037 204 4087 Quam
220 4038 265 4084 tibi
277 4043 420 4085 nostrorum
435 4041 564 4083 statuatur
575 4048 676 4081 summa
690 4033 815 4095 laborum,
909 4038 967 4087 Nou
985 4037 1044 4084 mihi
1059 4035 1162 4084 divitias
1179 4035 1266 4084 dundo
1279 4036 1375 4085 maiora
1394 4036 1530 4103 dedisset,

154 4106 226 4156 Quos
246 4119 295 4167 ego
316 4119 372 4154 sum
393 4110 474 4165 terra,
496 4118 559 4166 quos
575 4117 623 4165 ego
642 4116 732 4164 passus
750 4117 827 4167 aqua.
849 4106 882 4152 10
944 4105 1087 4154 coelitibus
1105 4104 1187 4152 missis
1205 4110 1293 4154 nostra
1312 4106 1358 4154 aub
1376 4119 1421 4154 ora
1439 4109 1540 4159 tribus.

119 4172 198 4222 Nulla
216 4174 294 4232 (letis¹
310 4181 363 4222 toto
379 4187 444 4234 gens
463 4178 502 4220 est
516 4172 686 4221 truculentior
702 4171 777 4222 orbe:
908 4175 956 4223 Est
971 4173 1078 4236 aliquid,
1091 4180 1211 4236 spectare
1225 4173 1299 4235 deos,
1316 4179 1343 4223 et
1354 4174 1447 4222 adesse
1460 4184 1579 4243 putare,

154 4243 208 4292 Sed
223 4249 309 4291 tameu
332 4241 358 4290 hi
376 4240 470 4289 uostris
488 4241 638 4302 ingemuere
660 4239 742 4288 malis.
943 4242 977 4291 Et
989 4242 1064 4306 quasi
1077 4256 1134 4290 cum
1147 4256 1209 4290 vero
1225 4243 1328 4291 uumlne
1342 4256 1417 4305 posse
1432 4245 1515 4309 loqui.
1657 4255 1689 4303 ιο

118 4311 195 4361 Quae
212 4313 259 4361 tibi
270 4313 291 4361 si
309 4310 416 4359 memori
438 4323 517 4358 coner
538 4309 699 4372 perscribere
718 4321 806 4369 ιοιιιι,
908 4311 1029 4360 Praemia
1048 4317 1154 4375 quanta,
1170 4309 1227 4360 dei!
1245 4325 1294 4361 nec
1311 4327 1352 4360 sne
1372 4319 1445 4361 tenet
1460 4315 1562 4366 ultima
1578 4321 1674 4385 tellas,

153 4379 217 4429 Ilias
232 4386 273 4428 est
287 4377 348 4427 satis
370 4379 447 4438 longa
465 4375 554 4425 sutura
575 4377 648 4426 meis.
942 4379 1029 4442 thue
1043 4379 1113 4441 prius
1130 4379 1216 4428 media
1239 4394 1327 4443 sospes
1342 4381 1368 4429 iu
1390 4381 1462 4431 Urbe
1476 4398 1584 4439 moror.

117 4449 177 4499 lion
193 4449 271 4511 igitur
294 4460 393 4504 vereor,
412 4460 464 4508 qno
481 4449 506 4493 te
522 4460 582 4494 rear
596 4461 653 4495 esre
671 4446 825 4508 verendum,
848 4451 880 4495 8⁶
908 4448 1052 4497 Caesareos
1071 4447 1148 4497 video
1175 4449 1270 4510 vultus,
1288 4451 1358 4499 velut
1376 4457 1438 4499 aute
1458 4452 1616 4506 ridebam·

153 4517 232 4567 Cuius
251 4530 325 4565 arnor
341 4515 414 4563 nobis
435 4514 541 4576 pignora
560 4516 631 4564 mille
650 4515 741 4565 dedit:
941 4516 993 4565 Vix
1011 4516 1085 4564 buius
1104 4518 1157 4566 uoti
1174 4531 1234 4580 spes
1255 4516 1304 4567 fuit
1322 4520 1373 4567 ulla
1391 4519 1462 4568 milri.
1606 4494 1616 4520 ’

117 4585 170 4635 Sed
186 4587 246 4650 quia
262 4600 303 4634 res
316 4583 407 4632 timida
417 4588 467 4662 'est
478 4583 561 4632 omnia
579 4585 667 4643 miser,
686 4592 714 4633 et
730 4584 791 4648 quia
805 4585 881 4648 longo
907 4586 993 4648 thue
1011 4586 1163 4646 salutabam,
1179 4601 1274 4636 numen
1291 4589 1404 4638 coeleste
1420 4590 1527 4640 saluto:
1655 4600 1688 4650 u

151 4656 281 4717 Tempore
289 4653 404 4703 laetitiae
417 4664 494 4699 lanua
507 4652 595 4700 clausa
607 4667 681 4702 meae
692 4658 742 4702 est.
942 4654 1017 4704 Quod
1033 4653 1122 4704 reduci
1143 4656 1249 4716 tribuas,
1263 4657 1309 4717 nil,
1326 4663 1397 4718 puto,
1410 4658 1494 4706 malua
1512 4660 1616 4715 habea.

116 4722 174 4773 Iam
193 4724 267 4772 dolor
289 4726 314 4773 in
332 4735 429 4770 morem
446 4719 517 4768 venit
537 4735 624 4781 meum
649 4729 728 4785 utque
740 4720 846 4771 cadueie
907 4722 975 4773 Quid
988 4723 1083 4772 uostris
1098 4725 1177 4772 oculis
1199 4724 1247 4772 uisi
1263 4727 1318 4773 sola
1333 4727 1436 4775 Palatia
1455 4726 1582 4782 desumi

152 4792 281 4842 Percussu
298 4792 390 4841 crebro
409 4803 473 4838 saxa
489 4796 616 4838 cavantur
633 4792 715 4854 aquis,
846 4794 879 4840 dd
941 4792 993 4843 Qui
1010 4792 1090 4854 loeus,
1108 4793 1195 4842 ablato
1214 4794 1336 4857 Caesare,
1355 4796 1412 4843 vilis
1430 4796 1491 4845 erit.

116 4995 142 5036 ω
157 4938 225 5034 ΝῪΙΙ,
241 4939 266 4981 to
282 4940 489 4994 Prrtn,obaervare
503 4935 558 5002 «ipos
572 4935 617 5003 rel.
642 4937 670 4980 ³³
684 4937 836 4994 destringere
849 4939 898 4984 eod.
924 4941 952 4984 :ld
965 4941 1018 4984 lion
1032 4941 1106 4997 igilur
1120 4955 1206 4988 rereor
1219 4945 1280 4989 mala
1294 4945 1337 4988 tibi
1352 4957 1403 4991 mea
1417 4947 1593 5007 peraerlbm,
1618 4958 1691 5014 qm(

116 4991 1020 5101 „stitit-2:¹3⁰tutelli}ltalithttltl·tllstlthltltn
1052 4999 1085 5095 ἃ]
1103 4999 1213 5095 ἭἭ
1226 5001 1271 5044 ‘¹¹¹⁰
1285 5001 1349 5044 ‘⁰³⁴¹‘
1403 5002 1430 5044 ⁴²
1450 5005 1496 5070 Ψ
1512 5003 1601 5054 '¹²⁵⁸‘
1661 5010 1691 5059 ⁴⁸

710 5077 717 5098 ,
867 5079 874 5104 ,
961 5081 967 5093 .
1022 5063 1050 5107 ga
1077 5064 1118 5094 ee
1150 5082 1156 5093 .
1225 5057 1356 5106 Quemaon
1370 5055 1478 5101 obruerat
1492 5063 1691 5124 namqu..

114 5100 295 5213 seminasti?
316 5102 365 5149 Alt.
379 5103 461 5148 Helua.
483 5114 498 5146 e
517 5099 567 5147 ond.
590 5101 614 5147 in
636 5114 680 5158 quo
701 5107 780 5147 tamea
803 5110 858 5148 erat
878 5102 1009 5149 torruerit.
1064 5106 1127 5161 vlit,
1141 5108 1166 5152 ll
1186 5108 1307 5160 Quamuis
1321 5110 1353 5155 ad
1368 5122 1404 5154 ma
1419 5112 1487 5156 redit
1505 5120 1536 5160 at
1548 5119 1605 5167 a&
1618 5122 1690 5171 „a
