3586 5498
263 236 340 309 ’4844
546 262 578 308 c.
604 260 786 310 sanauit
810 260 972 311 essuos
996 261 1336 311 anuosuuaroos
1362 262 1442 309 ara
1467 260 1506 307 rs

267 431 345 482 Mitte
365 432 453 494 Asiae,
470 432 543 482 mitte
565 434 690 497 Argolicis
709 433 831 483 mandata
848 436 953 496 colonis,
1048 433 1138 484 Ardua
1158 434 1278 484 Parnassi
1295 434 1394 483 lateant
1412 433 1483 496 laga,
1500 435 1620 484 cesserit
1640 434 1748 498 Othrys

268 502 310 551 lie
323 503 470 565 trepident,
489 518 619 568 nunquam
639 504 685 551 has
706 504 811 564 hiemes,
829 505 893 553 haec
906 519 968 554 saxa
980 517 1020 552 re-
1048 505 1160 566 Piniger,
1179 510 1207 555 et
1225 503 1312 553 mersis
1330 503 1486 553 decrescant
1504 504 1621 565 rupibus
1641 504 1751 568 Alpes;

693 573 815 636 linquam,
971 576 1019 623 tto
1047 575 1149 623 Diluvio
1167 573 1211 621 tall
1228 573 1380 637 paribusque
1400 573 1576 623 Ariasmenus
1597 582 1681 635 urget
1722 592 1733 613 ο

268 640 360 690 Martis
377 655 461 702 agros,
479 640 521 688 uhi
537 643 586 688 iarn
599 655 675 689 suero
687 641 832 691 duravimus
844 656 919 691 arnae
1048 643 1169 704 Eacidiis,
1187 643 1255 691 nullo
1274 644 1376 704 rapiens
1394 641 1550 691 discrimIne
1570 656 1682 692 currus.

269 711 421 771 Progeniem
442 719 565 773 natosque
584 711 674 759 rudes:
695 713 736 759 ubi
756 713 829 774 eopia
849 711 893 759 letl
1049 712 1149 774 Aegida
1172 720 1233 761 tnnc
1254 711 1362 774 primurn
1379 712 1450 772 virgo
1472 713 1633 776 spiramque
1658 711 1789 762 Medusae

269 780 352 827 Tanta
374 781 446 829 ririsl
482 780 523 826 SIc
542 781 566 826 in
587 782 675 841 patriis
695 783 791 829 bellare
811 781 907 842 pruinis
1046 783 1200 831 Tercentum
1216 781 1298 829 saeris
1317 781 1478 845 squalentem
1498 782 1612 830 sustulit
1631 782 1739 844 hydrIs,

269 849 445 913 Praedarique
467 848 546 905 iurat,
560 852 689 912 talemque
708 851 774 898 hanc
791 851 879 911 accipe
892 833 1020 898 denham.
1048 853 1130 901 (inam
1147 852 1193 899 soli
1211 851 1307 898 uidistis
1327 851 1400 913 equi:
1421 850 1510 900 Pavor
1533 861 1657 913 occupat
1680 853 1776 914 ingens

269 917 352 978 Dixit,
371 928 397 966 et
417 918 513 966 Edonis
532 920 655 965 nutritum
674 920 766 967 missile
786 921 868 966 uentis
972 922 1020 967 840
1049 921 1167 968 Excussis
1186 921 1210 967 in
1230 929 1301 979 terga
1320 920 1389 977 uiris,
1406 919 1546 983 diramque
1567 928 1716 984 retorquet

268 987 405 1046 Concitat;
424 988 444 1035 it
459 987 569 1034 medium
584 1002 631 1049 per
650 998 740 1049 pectus
760 996 786 1037 et
802 988 904 1037 horrida
918 1002 985 1036 nexu
1049 990 1078 1036 Iu
1095 991 1175 1038 socios
1190 1004 1240 1036 non
1257 996 1347 1050 sponte
1363 990 1447 1047 lnem;
1468 996 1533 1036 tane
1553 990 1671 1039 ensibus
1685 992 1761 1040 uncis

268 1056 367 1106 laetifer
382 1071 443 1105 aera
458 1056 571 1116 chalybs.
605 1057 733 1117 Trepidus
751 1057 1020 1120 snperadrolatldas
1048 1059 1166 1120 implicat
1184 1067 1210 1107 et
1229 1057 1341 1120 trepidos
1359 1058 1458 1106 lacerat
1477 1058 1624 1107 Discordia
1643 1075 1753 1109 casurus,

268 1125 308 1175 Ac
327 1128 401 1173 slmul
425 1124 541 1173 Oenides
554 1126 701 1189 pariterque
717 1127 871 1184 Menoetius,
886 1136 912 1175 et
927 1127 970 1191 qui
1050 1129 1175 1175 Ilomauas
1196 1128 1274 1175 relati
1292 1127 1439 1176 saevissima
1457 1142 1540 1190 quum
1562 1130 1694 1190 legiones

268 1196 395 1257 Bebrycio
414 1194 517 1256 propius
535 1197 661 1243 remeavit
679 1197 710 1243 ab
729 1197 830 1258 bospite
849 1198 937 1245 uictor.
1047 1198 1184 1259 Tisiphone
1202 1211 1325 1259 regesque
1341 1202 1437 1256 moret,
1453 1211 1571 1258 quornm
1593 1199 1710 1260 agmina
1728 1199 1790 1261 pilis,

270 1263 307 1314 At
318 1278 379 1312 vero
392 1265 522 1325 ingentem
535 1264 656 1312 Telamon
666 1266 856 1327 proculextulit
867 1266 1020 1327 orhem,hitl
1048 1268 1162 1316 Quorum
1184 1266 1274 1331 aquiIIs
1309 1265 1434 1328 utrimque
1456 1266 1571 1328 uncant,
1598 1267 1756 1332 eademqne
1785 1276 1789 1289 ’

271 1333 422 1382 Exanimem
438 1340 472 1391 te,
490 1333 601 1394 Centho,
619 1341 722 1395 tepens:
741 1350 788 1383 ceu
808 1343 912 1397 saeptus
925 1335 950 1383 in
965 1342 1021 1384 arto
1472 1336 1562 1383 sentis

271 1403 323 1451 Dat
339 1405 437 1451 catulos
454 1412 511 1464 post
528 1410 600 1463 terga
617 1405 665 1463 leo,
684 1404 719 1451 sic
734 1406 872 1453 comminus
889 1406 987 1453 hastam
1051 1405 1119 1451 Rura
1132 1403 1229 1460 colunt,
1244 1401 1311 1450 idem
1327 1402 1406 1450 lectos
1421 1418 1455 1451 ex
1472 1404 1600 1453 omnihus
1614 1407 1693 1466 agris
1774 1410 1789 1459 4

270 1472 400 1521 Aeacides
415 1486 580 1535 gressumque
597 1479 678 1529 tenet,
696 1482 836 1537 contraque
855 1481 971 1523 ruentem
1050 1473 1157 1521 Miserat
1176 1469 1265 1520 infelix
1284 1485 1333 1519 non
1354 1472 1418 1520 haee
1434 1472 1470 1521 ad
1489 1475 1598 1536 proelia
1617 1476 1761 1538 Thybris:

212 1562 217 1569 ·
269 1541 384 1604 Septeno
402 1541 512 1590 validam
531 1539 677 1590 circumfert
696 1543 807 1602 reqrnlne
824 1545 925 1593 molem.
1049 1544 1090 1590 Sic
1111 1541 1185 1589 modo
1204 1540 1343 1589 concordes
1361 1550 1524 1605 externaque
1546 1542 1609 1593 fata
1629 1556 1760 1608 petentes

270 1610 327 1659 Nec
347 1611 428 1659 miuus
456 1611 516 1659 hine
543 1619 617 1673 urget
644 1611 765 1673 Scythiae
791 1619 1023 1676 manns‘armaque
1051 1609 1161 1659 Palladii
1180 1623 1289 1672 rapuere
1308 1617 1405 1669 metus;
1424 1611 1460 1659 sie
1479 1613 1504 1659 in
1527 1626 1579 1661 sua
1602 1617 1680 1666 versi

695 1680 789 1729 Canthi
973 1685 1023 1729 tau
1051 1682 1152 1729 Funere
1168 1686 1323 1727 euricurrunt
1340 1678 1447 1728 dominis
1464 1685 1667 1734 reuocantibus
1685 1702 1760 1737 axes.

269 1750 387 1812 Quisque
410 1748 457 1798 sibi
473 1754 498 1796 et
514 1748 592 1796 Graio
609 1763 718 1811 poenam
734 1749 768 1798 de
782 1764 888 1811 corpore
905 1764 1022 1812 poscens.
1052 1751 1107 1798 Nun
1126 1756 1176 1796 tarn
1190 1746 1265 1797 l'oeda
1282 1749 1362 1796 risum
1373 1749 1549 1799 Laurentibus
1567 1755 1686 1814 agmina
1698 1758 1788 1807 territi

270 1818 376 1868 Arduus
391 1818 452 1865 inde
468 1819 548 1876 labos,
564 1818 697 1881 medioque
715 1817 739 1866 iu
758 1832 864 1880 corpore
885 1834 970 1882 pugna
1052 1820 1156 1866 Eiecere
1176 1814 1358 1879 Noti,1.ihyco
1376 1833 1423 1866 nec
1442 1821 1500 1867 talis
1521 1821 1618 1884 imago

271 1888 436 1936 Conseritur:
456 1901 548 1945 maruno
567 1888 646 1935 ueluti
665 1902 741 1951 quarn
760 1888 860 1936 turbine
881 1903 937 1938 sese
1050 1889 1146 1944 Litore,
1167 1901 1242 1950 quum
1258 1886 1352 1935 fractas
1372 1888 1506 1937 inuoluunt
1521 1906 1652 1955 aequora
1665 1909 1774 1958 puppes.

271 1956 356 2019 Ipsius
376 1956 483 2006 Aeoliae
502 1953 624 2017 frangant
643 1958 668 2004 in
688 1957 775 2004 limine
796 1957 874 2017 renti,
962 1959 1022 2022 [855
1052 1958 1121 2004 ilinc
1134 1956 1240 2016 biiuges,
1258 1956 1326 2004 illiue
1344 1965 1415 2005 artus
1431 1957 1585 2008 tenduntur
1600 1962 1716 2025 heriles,

271 2028 355 2078 Quem
368 2026 451 2089 pelagi
465 2027 558 2085 rabies,
567 2040 640 2088 quem
653 2027 748 2083 nubila,
764 2040 890 2090 quemque
902 2038 1024 2091 sequatur
1051 2029 1121 2077 Quos
1136 2024 1209 2082 radii,
1219 2040 1282 2088 qnos
1292 2023 1363 2074 irena
1374 2034 1481 2086 seeunr3
1502 2031 1685 2096 trahiturque
1699 2035 1763 2083 trahi

272 2095 322 2145 Illa
340 2095 412 2153 dies3
432 2096 525 2143 obnixa
546 2096 625 2142 rirnus
643 2096 680 2143 sic
698 2096 838 2143 comminus
857 2097 947 2146 haeret
1050 2095 1146 2143 Currus
1162 2094 1243 2142 caede
1254 2094 1368 2153 madens,
1378 2104 1488 2159 atroque
1505 2098 1535 2146 in
1551 2102 1672 2161 puluere
1683 2107 1786 2165 rega-l

271 2166 372 2228 Pugna,
390 2178 439 2213 nec
457 2171 561 2226 arrepto
580 2165 638 2212 relli
657 2164 689 2213 de
708 2178 814 2226 corpore
833 2169 949 2229 possunt.
1052 2166 1158 2212 Viscera
1173 2178 1241 2211 nuuc
1262 2164 1326 2224 aliis,
1343 2165 1400 2243 pliis
1416 2179 1487 2214 uunc
1507 2171 1640 2220 curribus
1660 2172 1775 2223 haereat.

273 2233 309 2282 Ut
327 2235 397 2282 horis
417 2235 521 2282 exuvias
541 2236 620 2281 multo
638 2235 680 2297 qui
698 2232 818 2295 frangere
836 2235 902 2282 oliuo
1052 2233 1128 2282 Haud
1142 2247 1247 2296 nsquam
1263 2232 1413 2282 Colchorum
1426 2232 1519 2295 animi,
1546 2254 1642 2305 112un
1663 2257 1788 2294 enm

272 2304 324 2352 Dat
342 2302 457 2351 famulis:
478 2303 588 2352 tendunt
606 2304 641 2351 illi
660 2310 794 2367 tractuque
814 2305 921 2353 vicissim
1050 2304 1123 2358 Tela,
1141 2301 1185 2350 sed
1205 2303 1339 2364 implicitos
1351 2304 1496 2369 miseraque
1515 2308 1544 2355 ia
1564 2320 1648 2371 pecte
1667 2313 1784 2363 :eninm

272 2373 374 2421 Taurea
390 2374 584 2434 tergadomaut,
594 2374 681 2435 pingui
691 2372 746 2421 lluit
757 2374 867 2434 unguine
876 2375 965 2436 sellus,
974 2379 1023 2425 ³6⁰
1051 2369 1217 2431 Coniodiunt,
1229 2386 1259 2420 ac
1273 2370 1353 2421 sorrna
1369 2373 1437 2421 neeis
1456 2389 1510 2422 nou
1528 2379 1628 2429 altera
1641 2382 1734 2445 surp't,

271 2443 340 2491 Talis
358 2443 484 2506 utrimque
498 2444 579 2501 labos,
600 2449 752 2505 raptataque
766 2444 846 2491 limite
861 2444 885 2490 in
900 2452 956 2493 arto
1052 2445 1135 2492 Quam
1158 2454 1246 2489 cervos
1268 2442 1309 2489 nbi
1334 2456 1382 2490 non
1404 2442 1504 2493 Umbro
1524 2457 1648 2499 venator
1664 2453 1747 2513 edaci,
1782 2472 1787 2483 ·

272 2511 391 2561 Membra
405 2513 451 2560 riri
466 2511 612 2561 miteranda
627 2522 729 2560 meant:
748 2512 773 2560 hi
787 2512 895 2560 tendere
909 2520 1008 2574 contra,
1053 2512 1108 2559 Non
1125 2524 1210 2572 penna
1225 2511 1300 2573 petit,
1319 2512 1463 2559 haerentes
1480 2515 1531 2564 sed
1556 2521 1693 2572 cornibus
1708 2523 1761 2572 alta

273 2580 308 2629 Ili
323 2590 422 2639 contra,
435 2583 603 2644 alternaeque
621 2583 701 2628 uirum
718 2596 768 2629 non
781 2581 875 2629 cedere
890 2580 1007 2632 dextrae.
1052 2581 1165 2639 Invenit,
1183 2586 1211 2627 et
1229 2594 1307 2628 caeca
1324 2582 1476 2630 constrictos
1495 2588 1609 2650 excipit
1629 2589 1682 2641 ira.

272 2649 466 2699 lllncmeaturn
483 2651 605 2697 Telamon
624 2651 751 2699 Canthum
772 2651 854 2712 rapit;
874 2651 933 2701 hinc
954 2660 1026 2702 tenet
1054 2651 1112 2713 Ipse
1131 2651 1273 2697 recollectis
1290 2649 1374 2698 audax
1394 2650 1581 2705 Ariasmenus
1605 2661 1693 2710 armis

698 2719 793 2767 ardens
1054 2720 1155 2777 Desilit,
1170 2718 1238 2766 illum
1260 2720 1327 2767 acies
1342 2734 1435 2770 curras
1458 2731 1538 2772 secat
1559 2729 1689 2795 nudique
1704 2728 1771 2787 l'ala'm

274 2786 346 2834 Colla
366 2785 413 2834 riri
433 2793 461 2834 et
476 2788 564 2834 molles
579 2788 669 2848 galeae
684 2788 819 2836 Gesander
834 2790 956 2855 habenas,
977 2795 1025 2839 tut
1055 2788 1218 2850 l'artitnrqne
1235 2789 1306 2847 rotis,
1325 2795 1401 2852 atque
1418 2788 1481 2838 inde
1503 2791 1639 2848 furentia
1660 2810 1746 2863 raptas
1778 2818 1789 2826 ·>

275 2854 392 2903 Insonuit
411 2870 476 2918 qnae
495 2858 566 2917 lapsa
586 2859 639 2904 solo
657 2857 827 2920 dextraruqne
847 2856 949 2908 sodellis.
1056 2859 1084 2906 ln
1102 2859 1169 2918 iuga,
1187 2856 1306 2905 Circaeos
1325 2857 1411 2919 tetigit
1429 2873 1482 2907 non
1503 2868 1632 2926 amplius
1654 2885 1738 2934 agros

274 2923 322 2973 Ille
340 2923 431 2971 iterum
449 2925 473 2972 iu
493 2926 569 2986 clipei
584 2928 756 2987 septemplicIs
775 2929 902 2987 improbus
922 2928 1008 2975 orhem
1052 2928 1125 2975 Talia
1144 2926 1260 2974 certatim
1282 2926 1384 2990 Minyae
1403 2930 1547 2994 sparsique
1570 2936 1680 3000 cynei

278 2993 390 3051 Arietat,
407 3001 434 3040 et
450 2994 577 3041 Canthum
588 2996 702 3056 sequitur
718 2996 897 3059 Canthumque
907 2999 1026 3058 reposcit,
1056 2997 1156 3042 Fusmra
1169 2996 1309 3043 miscebant
1325 2997 1429 3057 campis,
1448 2998 1658 3070 Scythiamque
1678 2998 1782 3072 pruffl-

275 3064 359 3114 Quem
381 3077 496 3111 mannua
511 3070 582 3125 tergo
602 3064 695 3111 socium
712 3065 787 3127 rapit,
803 3072 880 3127 atque
895 3074 1025 3128 receptum
1054 3066 1138 3114 (lurum
1154 3063 1219 3113 luno
1234 3065 1388 3122 Aesonidae,
1400 3080 1450 3114 non
1469 3068 1542 3118 hanc
1552 3074 1593 3123 ad
1610 3076 1779 3128 vellentes·

274 3132 387 3192 Virginis
409 3133 533 3193 Euryales
554 3147 628 3180 curru
647 3133 722 3181 locat.
759 3133 942 3195 AduolatIpsa
978 3139 1026 3182 37⁰
1056 3134 1117 3181 Esse
1132 3135 1207 3193 vlam,
1222 3149 1269 3183 nec
1287 3134 1322 3183 sie
1341 3134 1439 3183 reditus
1456 3139 1555 3199 regina
1588 3149 1733 3206 parandos
1755 3136 1784 3185 U

275 3201 1026 3264 AcsimulHaemonidae,GesandrumqucomuIsInnuum
1056 3203 1201 3250 Extremam
1222 3204 1321 3252 molitur
1342 3219 1427 3266 opens,
1445 3196 1563 3258 su‘nesta
1589 3219 1672 3276 prius
1697 3227 1756 3283 qaas

276 3270 302 3319 It
320 3285 419 3320 manus.
456 3270 504 3319 Ille
524 3286 602 3319 noras
620 3273 688 3320 acies
707 3279 732 3319 et
751 3273 853 3332 uirginis
872 3288 944 3320 arrasa
1054 3273 1166 3319 ConsilIa
1185 3286 1214 3321 ac
1232 3287 1302 3321 seras
1320 3274 1403 3335 aperit
1420 3289 1468 3323 rex
1489 3279 1625 3338 perfidus
1647 3288 1712 3337 im,

276 3340 312 3388 Ut
326 3340 405 3398 ridet,
422 3339 477 3388 Has
494 3342 570 3389 etiarn
586 3349 675 3390 contra
690 3342 858 3389 hellahirnus?
877 3343 974 3404 inquit;
1056 3342 1178 3404 Increpat
1199 3348 1225 3388 et
1248 3343 1330 3390 saeris
1346 3342 1494 3393 Vulcanum
1514 3362 1632 3404 maesta
1649 3354 1763 3421 quereus,

276 3409 336 3457 Heu
355 3409 450 3471 pudor!
469 3410 528 3459 inde
547 3410 631 3472 Lycen
644 3411 704 3459 l‘erit
725 3411 757 3459 ad
773 3410 872 3459 contine
889 3414 1010 3474 pupillae,
1055 3411 1132 3458 Cuius
1150 3410 1312 3460 ilaurmii'eros
1332 3414 1401 3461 videt
1420 3414 1491 3462 inter
1512 3423 1597 3481 regia
1621 3433 1715 3475 tauros

277 3479 343 3528 Inde
358 3480 456 3539 Thoen,
471 3495 520 3544 qna
536 3482 606 3542 pella
621 3489 708 3539 racat;
727 3481 826 3544 iamque
847 3482 901 3528 ibat
917 3482 941 3529 in
960 3482 1027 3529 Har·
1056 3482 1154 3528 Pascua
1176 3480 1326 3529 Tartaream
1347 3481 1491 3544 proflantes
1511 3499 1637 3548 pectore
1655 3504 1759 3545 mem,
1783 3503 1789 3523 ι

702 3566 761 3611 pen,
979 3556 1026 3599 :lib
1056 3550 1127 3597 Ilaec
1145 3549 1240 3596 etenim
1263 3551 1363 3613 Minyas
1379 3566 1410 3599 nc
1426 3552 1543 3616 iungere
1566 3561 1666 3612 hlarte
1682 3570 1777 3627 peraeto

278 3617 391 3664 Vixdum
410 3617 490 3678 prima
509 3619 558 3666 leui
578 3618 714 3667 dueentem
734 3634 828 3666 cornua
847 3634 934 3678 neruo,
1056 3620 1171 3665 Ilurrstra
1189 3620 1249 3666 satis
1264 3621 1349 3668 iubeat
1365 3621 1476 3669 Cadmei
1492 3625 1630 3679 dentibus
1651 3635 1729 3683 Μή

278 3686 411 3734 Illabentis
430 3688 488 3749 equi
507 3687 656 3735 tendentem
676 3688 747 3735 l'rena
766 3696 791 3735 et
810 3688 963 3748 Henippen;
1056 3691 1125 3735 Ante
1139 3687 1216 3745 diem,
1231 3690 1312 3746 tirrset,
1326 3698 1351 3737 et
1374 3693 1458 3739 uarias
1473 3686 1769 3763 clrcumspicifartes.

278 3757 362 3805 Quum
382 3758 480 3817 regina,
498 3771 602 3817 prauum
623 3757 695 3804 rrodis
714 3772 824 3818 astroque
843 3759 952 3805 securius
1055 3759 1113 3804 Solu
1128 3758 1210 3805 auimo
1229 3759 1323 3806 Medea
1340 3761 1416 3819 subit,
1435 3776 1512 3812 tuens
1527 3773 1622 3818 omnis
1642 3775 1669 3822 in
1692 3787 1742 3822 nna

277 3825 475 3883 Cosrqeminaus,
492 3833 592 3887 partem
611 3827 700 3887 capitis
718 3827 858 3889 galeaeque
877 3826 975 3874 l'erinae
1056 3827 1171 3887 Virgine,
1193 3831 1321 3876 nocturnis
1340 3843 1389 3891 qua
1413 3832 1488 3879 nulla
1505 3841 1654 3896 potentior
1673 3845 1736 3892 ιη’.

278 3895 400 3956 Dissipat.
437 3895 488 3942 Hic
499 3897 594 3956 pariter
607 3897 713 3943 telorurn
727 3897 842 3943 immanis
853 3897 876 3943 iu
889 3910 966 3943 ursuni
979 3900 1027 3943 380
1057 3897 1127 3944 Illius
1146 3896 1177 3943 ad
1198 3893 1312 3945 lrerrritns
1330 3912 1487 3961 sparsosque
1506 3918 1559 3965 per
1578 3911 1642 3957 avia
1664 3927 1743 3961 ,um

278 3963 303 4013 It
321 3965 426 4021 alohus:
447 3965 488 4012 illc
507 3965 549 4011 diu
568 3966 689 4013 coniectis
707 3964 798 4012 sufficit
821 3966 909 4021 hastis,
1055 3966 1146 4012 Sidera
1164 3964 1214 4012 lisa
1236 3974 1340 4027 parent,
1358 3976 1384 4015 et
1411 3969 1452 4016 ari
1473 3978 1568 4034 stupet
1584 3980 1678 4027 orbita
1694 3982 1769 4029 Solis.

278 4035 342 4083 eris
361 4033 461 4091 ararior
479 4044 592 4097 nutuque
611 4035 706 4082 cadens
726 4036 848 4082 esterruil
870 4034 952 4082 iilam.
1057 4035 1141 4081 Mutat
1159 4050 1232 4093 agros
1255 4035 1409 4099 fluviumque
1429 4039 1497 4099 rias,
1511 4057 1576 4091 suus
1597 4048 1698 4111 alligat
1719 4048 1770 4111 igni

277 4103 341 4150 Tnm
358 4103 416 4160 ruit,
433 4110 461 4150 nt
483 4105 575 4151 montis
591 4105 666 4161 latus,
683 4111 726 4151 ant
746 4112 773 4151 ut
793 4103 995 4159 machinamini,
1058 4105 1156 4151 Cuncta
1175 4118 1260 4164 sopor,
1280 4107 1392 4168 recoquit
1408 4105 1493 4157 t'essos
1511 4121 1609 4163 aetate
1629 4129 1769 4179 parentes,

279 4174 353 4222 Qirae
369 4174 477 4232 scopulis
494 4174 659 4235 trabibusque
677 4173 719 4220 diu
739 4172 905 4234 confectaque
923 4172 1030 4221 ilannnis
1058 4174 1159 4235 Datque
1175 4175 1300 4221 aliassine
1312 4176 1366 4235 lege
1377 4177 1458 4224 colus.
1481 4179 1563 4230 Hanc
1575 4189 1697 4238 maxilua
1706 4190 1778 4239 Cares

279 4242 419 4289 Procubuit
428 4248 522 4299 tamen,
531 4251 607 4306 atque
616 4245 745 4303 ingentem
755 4245 865 4304 propulit
876 4243 971 4289 urbem.
982 4247 1030 4289 aas
1058 4241 1186 4290 Terriiicis
1200 4244 1290 4291 mirata
1307 4244 1396 4301 modis,
1416 4247 1485 4295 barre
1506 4251 1620 4303 aduersa
1640 4257 1768 4322 Phrixus,

280 4310 348 4358 Ecce
365 4312 445 4358 locum
463 4318 613 4373 tempusque
626 4322 705 4370 ratus,
717 4313 815 4374 lausque
837 4320 863 4358 et
885 4327 929 4359 sua
946 4313 1014 4373 posci
1059 4313 1182 4360 eramris
1200 4312 1304 4359 Atracio
1319 4314 1415 4362 Lunam
1431 4329 1563 4376 spumare
1579 4339 1690 4377 veneno

280 4378 392 4439 Proelia,
411 4379 517 4427 t‘alcutos
536 4379 612 4428 infert
634 4383 799 4430 Arlasmenus
822 4395 893 4439 axes,
1060 4382 1151 4433 Sciret,
1166 4390 1191 4427 et
1209 4382 1358 4430 Ilaemouiis
1376 4386 1470 4445 agitari
1491 4392 1622 4441 cautibus
1636 4399 1754 4446 umbras.

279 4449 414 4512 Saevaque
434 4448 555 4498 diffundit
568 4451 662 4498 socium
682 4452 748 4511 iuga,
763 4452 878 4511 protinus
893 4464 981 4497 omnes
1061 4451 1126 4511 Ergo
1149 4451 1238 4511 opibus
1256 4453 1360 4513 magicis
1375 4461 1401 4500 et
1419 4454 1577 4516 uirginitate
1598 4467 1768 4517 tremendam

283 4519 453 4580 Graiugenas,
470 4534 558 4567 omnes
578 4527 696 4581 rapturus
718 4521 749 4568 uh
764 4521 864 4575 aunriue
881 4518 997 4567 Colchos.
1061 4520 1124 4567 Inno
1136 4517 1194 4566 duci
1213 4521 1306 4569 sociam
1328 4522 1487 4581 coniungere
1505 4535 1618 4591 quaerit
1636 4537 1751 4586 Achiuo.
1792 4543 1793 4553 ¹

281 4588 408 4647 Qualiter,
423 4603 516 4637 exosus
530 4590 645 4651 Pyrrhae
660 4604 750 4651 gerens,
763 4604 873 4652 aequora
888 4592 1031 4636 rursusalltl
1060 4589 1115 4637 h'on
1135 4589 1210 4636 aliam
1230 4591 1308 4639 tauris
1327 4591 1398 4639 ridet
1418 4602 1443 4640 et
1462 4603 1645 4653 nascentibus
1663 4606 1744 4655 amia

280 4656 380 4719 Iupiter
402 4664 479 4720 atque
501 4673 588 4707 omnes
612 4657 714 4706 ilariurn
734 4661 754 4707 si
768 4657 859 4706 tundat
875 4659 996 4719 habenas,
1059 4658 1160 4721 Quippe
1171 4672 1273 4720 parem3
1293 4659 1376 4709 medlo
1389 4676 1439 4710 uec
1451 4663 1474 4713 si
1484 4674 1541 4716 stet
1552 4670 1580 4719 in
1590 4676 1789 4736 agmine

333 4781 373 4823 444
388 4778 494 4822 Edouils.
508 4778 557 4822 l'ld.
572 4778 662 4822 Weieh.
678 4780 770 4822 Poetar.
784 4780 910 4834 Iatinonp.
924 4781 964 4822 424
978 4787 1024 4821 not.
1052 4779 1094 4821 tbi
1109 4777 1224 4823 Euboeae.
1249 4780 1289 4823 iii
1303 4779 1446 4836 taedentem,
1459 4785 1637 4838 adducentem.
1672 4795 1717 4838 Ν
1770 4809 1789 4827 ·³

280 4835 442 4885 mussitastis.
473 4835 598 4876 lbbrellrn
615 4834 718 4877 tandem.
750 4837 789 4877 tas
805 4835 830 4877 lu
846 4838 906 4888 iuga,
920 4848 1009 4877 currus.
1045 4834 1184 4880 nutrimur.
1200 4848 1246 4877 rex.
1282 4836 1665 4900 milatediem‚citiasqnam
1684 4850 1742 4892 lano

281 4889 317 4929 441
334 4888 362 4931 ad
372 4891 455 4941 flulrss.
496 4889 784 4944 ”ambiguarumque
812 4894 902 4944 lugens.
949 4892 988 4933 444
1003 4888 1083 4932 recolit
1098 4887 1162 4931 eudtl.
1177 4891 1226 4932 Em.
1241 4890 1341 4934 Gronov.
1385 4893 1426 4936 445
1440 4895 1504 4940 Pata
1520 4898 1647 4947 hominu·
1665 4904 1741 4949 libere

280 4942 321 4984 lbi
335 4957 367 4996 sq.
384 4944 457 4985 medio
474 4957 533 4998 quae
546 4953 593 4987 stet
609 4947 630 4986 in
646 4944 757 4997 trisagiae,
771 4957 829 4997 qnae
843 4950 889 4985 stet
904 4944 928 4986 ld
943 4959 955 4987 a
973 4947 1041 4986 ruisse.
1054 4955 1113 4997 qnae
1126 4945 1196 4986 sistet
1211 4946 1233 4986 la
1248 4945 1345 4999 quisse,
1360 4959 1436 5002 neque
1450 4961 1515 5004 qaae
1532 4956 1616 5000 medin
1629 4966 1681 5002 ares
1732 4956 1785 5001 nisa

283 4994 379 5039 Nullum
394 5007 470 5040 mente
485 5000 556 5052 selas,
570 4999 644 5041 nullos
659 4996 723 5041 ruald.
760 5000 846 5041 mussi
865 5006 913 5041 atet
928 4999 1085 5052 ra.s·rrlg.es
1101 5010 1144 5041 era.
1159 5001 1320 5053 nesciocuius,
1336 5013 1381 5055 qua
1397 5002 1456 5047 aibil
1473 5008 1608 5062 proiicit-1
1636 5012 1704 5067 Μ

281 5051 328 5092 selu
341 5064 369 5094 arr
384 5053 440 5094 ricla
455 5053 512 5096 doct.
529 5069 554 5097 ae
568 5055 716 5109 probaturum
731 5011 776 5104 altr
789 5053 872 5096 inlinit.
887 5052 1021 5097 horrescere
1036 5053 1121 5108 pendet
1135 5053 1163 5095 ah
1176 5055 1221 5098 adi.
1242 5067 1333 5110 parem:
1354 5069 1395 5099 nee
1417 5059 1490 5105 alla·
1516 5043 1789 5122 μη.”,ῑ4η,“.ω

281 5108 366 5149 stetin
389 5106 462 5149 medio
476 5111 567 5163 agmine
582 5110 701 5157 flammae,
716 5121 744 5151 ue
766 5115 821 5151 tuso
834 5109 926 5163 qnidam
942 5110 1014 5152 nllnsa
1029 5109 1095 5151 nats·
1110 5109 1191 5153 ιιιΙΙιιιιι
1206 5110 1321 5163 damam
1336 5111 1395 5156 ultus
1408 5114 1475 5159 visus
1491 5115 1649 5169 horrescere.
1668 5122 1746 5173 Μ

280 5159 356 5207 medlo
369 5173 430 5217 qaae
441 5168 517 5217 posset
533 5166 557 5208 la
570 5177 631 5219 apa.
645 5164 668 5208 ll·
684 5162 779 5209 h'ullun
792 5184 822 5197 -
834 5164 918 5219 salus,
933 5164 1031 5210 urnas
1044 5164 1143 5209 iaciltas.
