3586 5498
115 90 190 163 458
374 111 773 163 marturanensis
797 105 1222 161 unrsuonrunsucs
1256 110 1336 159 nra.
1361 110 1403 161 x.

116 285 173 334 Nec
187 282 266 331 virtus
278 282 343 331 citra
358 294 439 343 genus
455 288 504 331 est.
522 283 574 333 Seu
586 284 682 343 vincar,
696 284 803 334 habebis
897 282 1038 342 Restabat3
1055 282 1140 343 Nunc,
1154 282 1245 347 iuqait,
1263 278 1339 339 ades.
1357 280 1417 331 dea
1436 281 1566 335 merra
1578 290 1670 337 meru:

117 354 282 416 Hippomene
295 352 361 400 vieto
378 365 497 413 magnum
517 358 545 401 et
557 352 722 403 memorabile
735 366 838 403 nemen.
896 352 979 417 Inque
999 352 1065 401 latus
1078 352 1234 415 campique
1250 350 1350 401 tardius
1363 350 1417 401 illa
1433 350 1560 415 rediret,

116 424 190 473 Talia
204 422 332 469 dicentem
345 420 412 468 molli
428 420 572 471 Schoeneia
586 423 657 471 vultu
896 421 962 471 lecit
974 421 1007 469 ah
1019 420 1119 486 obliquo
1132 421 1240 470 nitidum
1253 420 1407 470 iuveniliter
1426 436 1543 473 annus.
1565 438 1571 449 '
1630 428 1671 475 lli

118 491 246 553 Adspicit,
260 495 285 539 et
302 489 411 550 dubitat,
430 494 547 554 superari
563 507 595 540 an
612 492 714 541 vincere
731 492 811 541 malit.
821 496 871 541 lllll
896 493 938 540 An
954 496 1066 553 peteret,
1080 492 1150 553 virgo
1165 491 1218 540 risa
1236 497 1276 539 est
1291 489 1435 540 dubitares
1452 492 1538 557 coegi

118 563 205 625 Atque
218 562 262 617 ita,
276 560 339 609 (luis
354 558 418 607 drus
438 561 506 609 hunc
522 560 646 619 formosis,
666 562 756 625 inquit,
773 562 872 626 iniquus
894 562 1006 618 Tollere,
1021 568 1047 608 et
1064 560 1146 609 adieci
1168 560 1268 609 sublato
1283 558 1404 623 pondera
1425 560 1516 623 melu,

118 631 233 681 Perdere
250 631 313 685 vult,
328 643 454 691 caraeque
474 631 545 679 iubet
562 630 707 679 discrimine
720 632 788 679 vitae
897 629 1057 692 impediique
1070 631 1155 678 oneris
1168 630 1263 691 pariter
1275 628 1407 689 pavitare
1426 644 1579 697 maraque.

117 702 266 761 Coniugium
287 706 376 760 petere
393 698 457 745 bucl
471 714 520 747 nun
536 714 600 757 sum,
618 713 658 747 me
675 700 767 758 indice,
780 699 854 749 tanti.
897 702 969 749 Neve
988 712 1058 747 mens
1077 713 1161 747 sermo
1174 702 1292 748 cursusit
1305 698 1407 748 tardior
1424 700 1497 761 illo,

117 770 371 825 h'eclbrmatunqor,
387 775 503 829 poteram
518 776 603 815 tamen
619 768 666 818 hac
678 784 778 833 quoque
792 768 872 829 tangi,
897 770 1041 818 Praeterita
1057 776 1097 817 est
1111 768 1191 829 virgo,
1211 768 1287 815 duxit
1303 782 1349 816 sua
1365 770 1501 831 praemia
1517 768 1617 819 vietur.
1632 774 1674 821 Ι

116 840 170 891 Sed
184 838 252 904 quod
265 837 350 885 adhuc
363 851 428 897 puer
444 844 500 896 est;
525 852 574 884 nnn
590 852 629 885 me
642 846 727 888 movet
739 840 805 901 ipse,
825 837 871 887 sed
897 840 1023 899 Dignaue,
1036 838 1077 886 cui
1093 846 1178 900 grates
1194 844 1294 899 ageret.
1309 837 1351 885 cui
1367 840 1439 887 turis
1460 838 1600 889 honorent

542 916 624 956 aetas.
822 912 872 955 lllb
897 909 996 963 Ferret,
1011 905 1106 963 Adoni,
1119 905 1176 955 fuir
1197 909 1252 955 hec
1267 914 1353 967 grates
1368 906 1523 957 immernor
1538 910 1606 973 egit,

117 975 197 1031 Quid,
212 974 279 1039 qnod
294 975 361 1023 inest
374 975 463 1031 virtus,
479 979 506 1023 et
522 990 594 1025 mens
610 976 727 1025 interrita
741 976 804 1025 letit
898 978 952 1025 Nec
973 977 1032 1023 mibi
1047 986 1104 1025 tura
1123 976 1206 1025 dedit.
1231 976 1346 1024 Subitam
1365 984 1526 1027 convertor
1544 978 1572 1029 iu
1591 978 1661 1037 tra-‚¹

117 1045 197 1101 Quid,
212 1044 278 1107 qnod
299 1048 331 1092 ab
346 1058 474 1108 aequorea
483 1054 632 1095 numeratur
644 1046 741 1101 origine
751 1052 873 1110 quartust
896 1045 1082 1109 contemnique
1094 1045 1193 1101 dolens,
1206 1060 1238 1093 ne
1253 1044 1299 1093 sim
1313 1046 1475 1107 spernenda
1494 1044 1610 1107 suturis,

117 1115 197 1172 Quid,
212 1113 279 1177 quod
296 1123 375 1171 amet,
397 1115 512 1178 tantique
527 1122 601 1177 putat
614 1115 741 1164 connubia
757 1123 853 1171 nostra,
898 1116 1021 1176 Exemplo
1041 1129 1129 1175 caveo,
1143 1128 1235 1178 meque
1248 1114 1303 1176 ipsa
1316 1114 1446 1164 exhortor
1464 1118 1496 1166 iar
1514 1118 1674 1169 amhae-Ui

118 1186 154 1234 Ut
171 1191 270 1245 pereat,
290 1184 310 1233 si
331 1198 371 1231 me
385 1185 447 1233 Fors
464 1186 500 1233 illi
518 1186 583 1233 «lura
602 1184 720 1247 negaritt
810 1184 872 1248 [02⁰
894 1186 1002 1245 Templa
1020 1182 1096 1231 deum
1115 1184 1198 1241 matri,
1220 1198 1285 1248 quae
1300 1182 1435 1247 qnondam
1452 1186 1555 1237 clarus
1569 1188 1662 1237 Echi·

117 1253 370 1315 Duurlicet,hospes.
382 1254 432 1311 abi,
441 1255 615 1319 thalamosque
624 1256 872 1316 relinquecruentos.
897 1254 1007 1303 Fecerat
1022 1267 1054 1300 ex
1068 1263 1135 1311 vnto,
1152 1254 1290 1302 nemorosis
1304 1250 1394 1301 abdita
1408 1254 1499 1317 silvia,

118 1323 270 1385 Coniugium
289 1324 393 1371 crudele
409 1337 491 1371 meum
508 1330 557 1373 est.
594 1324 650 1371 Tibi
672 1324 770 1372 nubere
786 1324 855 1372 nulla
895 1324 1063 1379 Trarrsihant;
1079 1330 1106 1371 et
1121 1323 1170 1371 iter
1183 1324 1285 1383 longum
1304 1323 1479 1386 requiescere
1498 1324 1604 1376 suasit.

119 1393 206 1449 Dolet,
219 1400 245 1439 et
258 1393 340 1453 optari
356 1400 428 1452 potes
449 1407 464 1439 a
484 1394 601 1453 rapiente
622 1393 717 1455 puella.
898 1392 954 1441 lllic
971 1392 1119 1441 concubitus
1137 1392 1316 1454 intempestiva
1333 1391 1433 1454 cupido

118 1462 171 1509 Cnr
184 1468 269 1508 tamen
280 1466 319 1508 est
333 1462 392 1507 mibi
405 1474 465 1509 cura
479 1463 525 1522 tui,
539 1469 577 1510 tot
589 1462 637 1509 iam
646 1470 706 1510 ante
717 1461 874 1525 peremptio?
897 1464 1016 1523 Occupet
1029 1460 1221 1523 Hippomenen,
1235 1477 1250 1510 a
1263 1460 1366 1508 numine
1379 1462 1492 1513 concita
1510 1470 1621 1517 nostra
1633 1468 1676 1517 Μ

119 1531 237 1578 Vinerit:
259 1530 379 1588 intereat,
394 1530 511 1592 quoniam
527 1537 563 1579 tut
576 1530 657 1580 caede
670 1545 804 1593 procorum
898 1531 1009 1579 huminis
1021 1531 1106 1591 exigui
1120 1528 1204 1580 iuerat
1217 1545 1297 1593 prope
1317 1532 1415 1592 templa
1430 1545 1581 1599 recessus,

119 1599 274 1650 Admonitus
289 1614 338 1646 nou
353 1606 401 1659 est,
415 1600 549 1663 agiturque
564 1600 588 1647 in
603 1600 689 1649 taedia
703 1601 779 1650 vitae.
823 1604 872 1647 oro
896 1602 1042 1662 Speluncae
1059 1600 1154 1659 similis,
1175 1600 1262 1649 nativo
1280 1599 1379 1662 pumice
1402 1605 1508 1663 tectus,

119 1668 231 1719 Occidet
244 1670 283 1716 bic
297 1669 380 1730 igitur,
396 1670 475 1717 voluit
487 1670 545 1733 quia
560 1670 647 1718 vivere
664 1676 781 1718 mecuml
898 1670 1030 1731 Religinne
1046 1682 1118 1717 sacer
1132 1670 1229 1731 prisca:
1248 1684 1297 1732 qno
1310 1669 1390 1717 multa
1403 1671 1545 1721 sacerdos

119 1737 306 1801 Indignarnque
321 1752 409 1786 necem
426 1740 535 1802 pretinm
553 1740 665 1802 patietur
679 1740 788 1788 amorisl
897 1740 993 1801 Lignea
1010 1740 1154 1787 contulerat
1176 1746 1290 1786 veterum
1308 1738 1448 1788 simulacra
1468 1740 1606 1795 deorum.

119 1808 178 1858 Non
193 1807 241 1855 erit
256 1806 367 1855 insidiae
381 1808 487 1857 victoria
500 1816 586 1857 nostra
599 1806 733 1857 serendae.
898 1808 975 1857 Hunc
986 1808 1031 1855 inst
1048 1814 1074 1855 et
1089 1808 1167 1855 vetito
1182 1814 1292 1856 temeret
1307 1808 1419 1855 sacraria
1441 1812 1562 1872 probro.
1631 1816 1676 1863 ΕΙ

119 1878 171 1927 Sed
187 1892 236 1925 nnn
251 1878 327 1939 culpa
345 1891 401 1925 mea
417 1885 466 1925 est.
496 1878 598 1926 Utinam
612 1878 738 1926 desistere
754 1874 847 1926 velles!
897 1879 976 1927 Sacra
993 1884 1155 1925 retorserunt
1167 1878 1269 1926 oculos:
1290 1877 1431 1941 turritaque
1449 1878 1564 1941 Mater,

118 1948 183 2005 Aut,
198 1947 316 2010 qnoniam
331 1960 358 1995 es
372 1946 488 2003 demens,
502 1948 597 1996 utinam
606 1948 716 1996 velocior
730 1944 813 1996 esses!
824 1950 873 1995 esu
898 1948 940 1996 Au
955 1945 1044 2009 Stygia
1059 1955 1155 2007 sontes,
1173 1946 1309 2003 dubitavit,
1327 1955 1460 2007 mergeret
1474 1950 1568 2001 unda.
1614 1946 1622 1963 '

118 2017 155 2069 At
168 2032 243 2082 quam
256 2015 383 2069 vlruineus
399 2017 490 2080 puerili
507 2018 591 2066 vultus
605 2018 630 2066 in
646 2030 691 2065 urc
704 2015 758 2065 est!
899 2018 986 2066 Poena
1000 2015 1063 2064 levis
1079 2016 1133 2063 visa
1148 2024 1197 2065 est.
1225 2016 1292 2075 Ergo
1308 2014 1382 2064 modu
1394 2016 1466 2064 levia
1481 2016 1585 2070 fulvae

119 2088 172 2146 Ab,
188 2088 263 2133 miser
278 2086 451 2148 Hippomene,
469 2088 560 2135 nollem
579 2088 622 2135 tihi
633 2080 689 2135 'visa
702 2082 820 2135 inissem!
897 2087 969 2135 Cullu
983 2087 1057 2133 iubae
1071 2087 1175 2141 velant;
1197 2083 1269 2145 diuiti
1284 2094 1423 2134 curvantur
1439 2086 1468 2134 in
1495 2102 1630 2153 unguest

118 2156 214 2205 Vivere
232 2156 402 2217 dignuseras.
428 2157 503 2207 Quod
517 2158 538 2204 si
549 2155 646 2206 t'elicior
661 2172 753 2215 essem,
899 2156 936 2204 Bri
951 2155 1063 2203 lrurneris
1076 2154 1139 2202 armi
1159 2153 1239 2213 siunt,
1258 2156 1282 2202 in
1298 2162 1403 2214 pectora
1421 2162 1512 2205 totum
1631 2164 1679 2213 m

118 2226 174 2274 Nec
189 2224 249 2273 milri
269 2226 411 2285 coniugium
425 2225 478 2275 t'ata
496 2228 641 2288 importuna
660 2231 805 2287 negarent3
897 2224 1002 2273 Pnnrlns
1016 2224 1086 2281 abit;
1110 2238 1222 2272 sirmmae
1241 2222 1323 2271 cauda
1340 2234 1482 2273 verruntur
1502 2242 1625 2279 arenae.
1719 2254 1721 2261 ·

119 2295 192 2344 Unus
205 2310 272 2351 eras,
286 2310 342 2343 curn
355 2309 403 2357 qun
418 2296 515 2343 sociare
529 2297 621 2343 cubilia
638 2310 747 2357 possem.
823 2296 873 2342 utu
898 2294 966 2342 lram
984 2294 1068 2340 vultus
1085 2294 1178 2349 habct;
1201 2308 1246 2354 pro
1260 2293 1342 2341 verbis
1358 2308 1496 2343 murmura
1518 2298 1663 2349 reddunt:

118 2366 243 2421 Dixerat;
266 2372 343 2425 utque
357 2364 436 2421 rudis,
460 2364 590 2426 primoque
604 2363 730 2424 Cupidine
744 2370 822 2419 tacta,
899 2364 948 2410 Pro
964 2363 1082 2410 thalamis
1100 2362 1233 2410 celebrant
1251 2362 1342 2418 silvas;
1358 2363 1467 2425 aliisque
1484 2366 1610 2419 timendi

118 2434 195 2484 ernd
211 2431 273 2481 lacit
290 2432 419 2493 ignorans,
432 2440 511 2490 amat,
534 2440 561 2479 et
576 2447 624 2479 non
642 2434 722 2479 sentit
734 2445 856 2479 amorem.
898 2433 982 2480 Dente
997 2440 1116 2492 premunt
1127 2431 1223 2480 domito
1236 2430 1360 2492 Cybeleia
1372 2430 1447 2479 sreua
1461 2433 1576 2491 leones.

118 2503 174 2550 lam
190 2503 276 2549 solitos
290 2508 397 2561 poscunt
408 2514 496 2549 cursus
513 2503 671 2564 populusque
688 2512 828 2563 paterque;
898 2501 952 2548 Hos
961 2488 1251 2563 tu,careruihi,cumqnd
1261 2501 1472 2562 lungennsumue
1482 2502 1678 2567 ferarum,m

120 2571 203 2620 Quum
219 2584 258 2616 me
275 2569 381 2616 inilicita
397 2571 481 2630 proles
492 2570 622 2630 hieprnuia
641 2583 703 2617 voce
898 2572 972 2621 Quae
986 2584 1035 2619 nnn
1047 2573 1121 2632 terga
1134 2568 1221 2630 lupae,
1232 2569 1277 2618 sed
1289 2582 1390 2631 pugnae
1401 2578 1516 2632 pectora
1528 2580 1679 2640 praebeat,

118 2639 227 2688 Invocat
235 2638 421 2699 Hippomenes.
429 2638 577 2700 Cythereia.
586 2638 874 2699 comprecomuslruto
898 2638 998 2702 Hllirge,
1016 2654 1048 2687 nc
1066 2640 1145 2688 virtus
1164 2650 1207 2687 tna
1221 2642 1253 2687 sit
1268 2637 1391 2688 darnnosa
1406 2638 1525 2691 dnobus.

118 2708 206 2765 Adsit,
219 2708 265 2765 ait,
281 2708 381 2763 uostris,
396 2718 432 2765 et,
451 2722 512 2770 quor
524 2708 606 2766 desiit,
623 2708 728 2755 adiuvet
741 2708 821 2767 ignes.
897 2709 947 2756 illa
960 2707 1064 2771 quidem
1086 2708 1191 2765 monuit,
1208 2708 1349 2771 iunctisque
1365 2722 1411 2769 per
1427 2723 1493 2758 aera
1515 2716 1620 2777 cycnis

118 2777 218 2825 Detulit
229 2790 292 2823 aura
305 2789 394 2836 preces
410 2776 443 2823 ad
458 2791 498 2823 me
508 2791 557 2824 nou
573 2776 660 2825 invida
675 2776 792 2832 blandas,
897 2778 986 2838 Carpit
1000 2777 1063 2837 iter;
1082 2776 1127 2825 sed
1144 2785 1195 2825 stat
1212 2778 1313 2825 monitis
1329 2778 1458 2827 contraria
1473 2780 1580 2834 virtus.

118 2845 243 2908 Metaque
262 2858 327 2899 sirm,
348 2843 441 2902 fateor,
456 2859 504 2891 nec
519 2846 573 2907 opis
586 2861 655 2893 mora
671 2845 873 2907 lungadabatur.
898 2848 975 2895 Forte
992 2860 1062 2895 suern
1078 2846 1190 2903 latebris,
1209 2847 1316 2907 vestigia
1329 2854 1400 2895 certa
1415 2850 1512 2913 menti,
1629 2858 1680 2905 m

119 2914 166 2963 Est
179 2928 251 2975 ager,
262 2912 397 2971 indigenae
409 2914 561 2962 'Damascum
579 2916 680 2963 nomine
695 2916 792 2973 dicunt,
899 2916 1023 2964 Excivere
1037 2929 1124 2971 canes,
1139 2916 1257 2978 silvisque
1270 2916 1343 2964 exire
1355 2926 1493 2978 parantem

117 2984 227 3033 Telluris
240 2981 351 3044 Cypriae
362 2997 422 3044 pars
436 2984 546 3045 optima:
565 2999 640 3047 quern
661 2985 719 3032 mihi
731 2984 806 3046 prisci
824 2987 873 3032 dib
898 2986 1003 3034 Finierat
1018 2986 1119 3047 obliquo
1134 2985 1231 3033 iuvenis
1245 2984 1379 3047 Cinyreius
1396 2986 1458 3036 ictu.

118 3052 260 3101 sacravere
271 3065 356 3107 senes,
367 3052 520 3115 templisque
535 3053 661 3101 accedere
674 3054 760 3102 dotem
897 3054 1018 3103 Protinus
1033 3055 1145 3102 excussit
1159 3053 1245 3115 pando
1262 3056 1390 3103 venabula
1408 3061 1504 3115 rostro,

118 3122 195 3172 Hanc
207 3123 303 3170 iussere
315 3122 388 3171 meis.
423 3122 512 3171 Medic
523 3123 589 3171 nitet
604 3124 679 3171 arbor
690 3122 715 3171 in
727 3137 799 3184 arvo,
896 3124 1026 3185 Sanguine
1040 3124 1119 3171 tincta
1133 3137 1194 3180 sun;
1208 3124 1397 3187 trepidumque,
1412 3130 1439 3173 et
1451 3130 1510 3175 tuta
1526 3135 1681 3189 petente·

118 3194 200 3241 Fulva
214 3206 322 3248 comam,
341 3189 410 3240 t‘ulvo
426 3193 504 3240 ramis
521 3194 706 3255 crepitantibus
720 3208 792 3241 auro.
896 3195 966 3241 Trux
973 3192 1194 3255 aperinsequitur,
1205 3200 1322 3256 tutosque
1330 3194 1377 3243 snb
1385 3194 1490 3255 inguine
1500 3194 1612 3253 dentes
1626 3206 1680 3253 m

118 3261 187 3311 Hinc
203 3262 253 3310 tria
267 3260 333 3310 torte
352 3276 408 3311 mea
423 3263 529 3310 veniens
539 3261 663 3325 decerpta
678 3261 793 3311 ferebam
898 3260 1015 3319 Abdidit,
1037 3267 1063 3309 et
1077 3260 1147 3310 fulva
1162 3262 1339 3310 moribundum
1354 3263 1444 3312 stravit
1461 3277 1560 3317 arena.

117 3330 206 3379 Aurea
219 3345 294 3392 poma
311 3345 397 3389 mauu,
418 3332 532 3395 nullique
546 3332 665 3389 videnda,
679 3332 727 3381 uisi
743 3332 799 3394 ipsi,
823 3336 874 3380 650
897 3332 981 3379 Vecta
998 3332 1048 3379 levi
1060 3346 1134 3379 curru
1152 3330 1249 3381 medias
1262 3331 1392 3394 Cytherea
1411 3346 1458 3394 per
1475 3346 1560 3387 auras

117 3400 300 3461 Hippomenen
315 3400 376 3457 adii,
388 3400 523 3464 docuique,
539 3402 593 3465 quis
611 3416 670 3449 usus
683 3402 708 3449 in
723 3402 779 3449 illis.
897 3400 1001 3463 Cypron
1020 3401 1123 3450 olorinis
1138 3400 1250 3449 nondum
1270 3409 1426 3464 pervenerat
1437 3400 1494 3450 alis.

118 3468 197 3525 Signa
210 3467 438 3527 tuhaedederaut;
457 3484 533 3533 quum
547 3484 650 3518 carcerc
661 3458 887 3535 pronusuterquei
898 3470 1013 3533 Agnovit
1024 3472 1099 3533 longe
1118 3472 1238 3533 gemitum
1255 3471 1394 3531 morientis,
1420 3477 1446 3519 et
1460 3471 1538 3521 alhas

118 3537 227 3594 Emicat,
241 3544 268 3586 et
278 3552 401 3585 summam
417 3539 495 3586 celeri
510 3540 576 3600 pede
592 3540 654 3588 libat
667 3555 782 3589 arenam.
898 3540 984 3589 Fleuit
1000 3554 1061 3589 aves
1078 3541 1146 3589 illuc.
1171 3540 1257 3603 thue
1273 3541 1378 3589 aethere
1398 3539 1462 3589 vidit
1476 3540 1510 3587 ab
1526 3543 1587 3593 alto
1622 3552 1679 3599 m

118 3606 199 3655 Posse
215 3616 290 3668 putes
309 3608 364 3655 illes
376 3607 442 3656 sicco
463 3606 530 3656 treta
548 3607 640 3656 radere
655 3623 743 3670 parsu,
898 3610 1059 3669 Exanimem,
1078 3610 1154 3673 lnqne
1170 3625 1216 3658 suo
1231 3609 1369 3659 iactantem
1384 3608 1510 3670 sanguiris
1530 3626 1658 3679 cerpua;

117 3676 152 3725 Iit
164 3676 258 3735 repetis
269 3690 350 3725 canae
365 3684 463 3725 stanles
483 3690 634 3738 percurrere
650 3678 750 3727 aristas.
824 3681 874 3727 ott
898 3678 1015 3737 Desiluit,
1027 3680 1175 3744 pariterque
1188 3679 1267 3735 rinus,
1284 3680 1433 3743 pariterque
1444 3680 1557 3741 capillus

118 3744 251 3796 Adiiciunt
266 3748 364 3795 animos
378 3746 463 3793 iuveni
474 3747 620 3811 clamorque
632 3745 764 3811 t'avnrqne,
899 3748 986 3809 Rupit,
1001 3755 1028 3797 et
1043 3748 1154 3810 indignis
1168 3748 1294 3810 percussit
1308 3756 1413 3811 pectora
1428 3748 1530 3810 palmis.

118 3814 257 3879 Verbaque
274 3814 413 3874 dicentum,
426 3816 510 3876 Nunc,
522 3829 590 3864 nunc
604 3816 751 3865 incumbere
762 3824 872 3880 tempus,
898 3817 1048 3881 erestaque
1063 3832 1119 3865 cum
1137 3816 1204 3873 satis,
1223 3817 1258 3865 At
1273 3832 1323 3866 uon
1343 3825 1428 3866 tamen
1450 3817 1539 3867 omnia
1557 3824 1648 3875 vestrl

118 3884 301 3946 Hippomenen
319 3899 439 3949 propera.
466 3885 542 3934 Nunc
558 3885 652 3935 viribus
670 3893 744 3934 utere
759 3888 829 3935 totis.
897 3886 963 3935 iuris
975 3894 1060 3945 erunt,
1070 3886 1165 3949 inquit:
1179 3886 1261 3935 luctus
1274 3894 1439 3936 monumenta
1453 3889 1604 3941 manebunt
1614 3896 1673 3943 m

117 3952 190 4003 Pelle
207 3969 318 4012 moram;
341 3955 436 4003 vinces.
460 3955 570 4004 Dubium
584 3954 732 4015 Megareius
745 3957 820 4006 heros
896 3956 1015 4019 Semper,
1031 3956 1127 4013 Adoni,
1142 3957 1207 4013 mei;
1227 3957 1389 4020 repetitaque
1409 3956 1497 4005 mortis
1509 3957 1602 4023 imago

117 4022 238 4073 Gaudeat
248 4038 280 4071 an
293 4024 364 4086 virgo
375 4025 454 4084 mapis
468 4024 506 4073 his
517 4025 659 4073 Schoeneia
667 4024 751 4075 dictis.
821 4028 872 4075 tun
899 4027 993 4075 Annua
1005 4026 1135 4089 plangoris
1154 4032 1261 4086 peraget
1276 4026 1436 4075 simulamina
1452 4027 1541 4075 nostri.

117 4091 142 4142 0
165 4094 273 4156 quoties,
295 4108 371 4157 quum
396 4094 445 4142 iarn
463 4101 550 4157 posset
564 4096 683 4152 transire,
700 4100 798 4145 inorata
813 4101 871 4157 est3
899 4096 934 4145 At
945 4110 1019 4145 cruor
1036 4095 1061 4143 ln
1076 4093 1165 4143 florem
1183 4096 1329 4144 mutabitur.
1355 4096 1396 4146 An
1413 4095 1458 4143 tibi
1475 4097 1614 4157 quondam

117 4162 304 4225 Spectatorque
318 4162 360 4211 diu
379 4163 463 4212 vultus
478 4164 556 4212 invita
570 4162 685 4227 reliquit!
898 4164 1032 4213 Pemlneos
1047 4171 1117 4212 artus
1126 4164 1257 4213 inplentes
1265 4172 1368 4215 vertere
1380 4166 1508 4224 montbar,

116 4231 214 4283 Aridus
230 4248 244 4281 e
264 4232 331 4279 lanso
346 4232 464 4282 veniebat
478 4234 607 4282 anhelitus
624 4248 683 4282 ore:
898 4234 1073 4295 Persephone,
1086 4233 1171 4281 licuitl
1189 4233 1261 4283 nobis
1276 4233 1410 4297 Cinyreius
1425 4236 1501 4283 beros
1611 4242 1669 4291 m

115 4302 240 4365 Metaque
261 4307 317 4350 erat
334 4303 416 4362 longe.
448 4303 512 4350 Turn
528 4301 640 4365 denique
652 4302 686 4351 de
696 4303 777 4352 trihus
793 4316 871 4351 unum
897 4302 1014 4351 invidiae
1028 4308 1141 4352 mutatus
1157 4304 1227 4351 erltt
1244 4304 1286 4352 Sic
1300 4303 1363 4360 seta,
1376 4318 1492 4352 cruorem

115 4372 222 4421 Fetibus
233 4371 345 4419 arboreis
359 4372 443 4432 proles
463 4372 595 4434 Neptunia
606 4372 683 4421 misit.
821 4375 871 4421 ddi
899 4372 1011 4421 Nectare
1025 4370 1133 4421 odorato
1146 4373 1260 4434 spargit3
1281 4374 1324 4437 qui
1338 4381 1422 4422 tactus
1438 4374 1470 4421 ah
1486 4372 1531 4421 ilio

116 4440 257 4502 Obstupuit
269 4440 354 4501 virqo;
367 4440 491 4504 nitidique
506 4440 627 4503 cupidine
644 4441 710 4503 pomi
897 4441 1030 4497 Intumuit,
1043 4441 1088 4498 sic,
1106 4448 1133 4490 ut
1145 4443 1231 4504 pluvio
1250 4443 1382 4504 perlucida
1398 4445 1470 4491 coelo

116 4509 235 4557 Declinat
247 4524 344 4567 cursus,
363 4524 503 4573 aurumque
523 4511 633 4559 volubile
651 4510 726 4559 tollit.
896 4511 1008 4573 Surgere
1026 4511 1095 4559 bulla
1109 4512 1182 4560 solet.
1214 4512 1270 4559 Nec
1283 4513 1359 4573 plena
1373 4512 1471 4572 longior
1482 4511 1546 4559 hura
1594 4512 1665 4575 [7⁸⁸

115 4578 245 4627 Praeterit
257 4580 442 4641 Hippomenes.
463 4580 594 4629 liernnant
610 4580 758 4643 spectacula
771 4579 871 4641 plausu.
898 4581 977 4630 Facta
990 4587 1200 4643 moreest,qnum
1211 4578 1258 4628 llos
1271 4580 1304 4627 dc
1315 4581 1565 4641 sanguineeoncolor
1576 4592 1665 4641 ortus.

117 4646 165 4695 Illa
182 4663 275 4695 mnrmn
287 4649 376 4708 celeri,
386 4655 537 4713 cessataque
556 4656 682 4711 tempora,
696 4662 771 4697 cursu
808 4649 871 4713 [oto
896 4650 1016 4707 Qualem,
1032 4663 1098 4710 quae
1114 4650 1185 4698 lento
1197 4650 1282 4696 celant
1296 4651 1342 4697 sub
1357 4652 1451 4698 cortice
1467 4662 1587 4711 granum,

116 4716 235 4775 euuigin,
247 4725 324 4781 atque
340 4720 431 4768 iterum
442 4718 560 4766 iuvenem
576 4725 634 4781 post
655 4725 729 4779 terga
741 4718 870 4782 relinquit.
897 4720 994 4768 l'unlea
1013 4718 1081 4766 serre
1096 4723 1196 4766 solent:
1218 4718 1302 4767 brevis
1323 4726 1463 4767 esttamen
1480 4733 1539 4767 usus
1558 4719 1584 4767 in
1606 4721 1663 4773 iiio.

115 4784 150 4832 Et
163 4799 248 4833 rursus
262 4789 329 4850 pomi
350 4790 418 4838 iactu
442 4795 569 4837 remorata
583 4788 699 4845 secundi,
896 4788 1013 4852 Namque
1026 4789 1093 4836 male
1107 4788 1257 4837 haerentem
1274 4797 1301 4837 et
1315 4788 1392 4837 nimia
1409 4790 1514 4837 levitate
1528 4788 1662 4841 eaducnra

115 4853 287 4919 Consequitur
300 4860 442 4923 transitque
456 4857 545 4907 virum.
571 4857 635 4906 Pars
650 4857 739 4905 ultima
748 4867 837 4905 cursus
897 4858 1037 4909 Excedunt
1049 4857 1128 4921 idern,
1144 4857 1187 4922 qui
1200 4863 1335 4922 praestant
1347 4860 1458 4918 uomina,
1477 4856 1557 4907 venti.

168 5004 211 5049 Cli
229 5006 301 5059 unte,
316 5008 377 5063 qaod
391 5007 467 5053 adhue
480 5008 511 5053 H.
524 5022 539 5054 a
553 5009 620 5055 duob.
634 5008 698 5054 sarid.
738 5008 779 5053 m
793 5009 849 5064 ipss.
