3586 5498
152 265 227 337 5³4
335 283 375 334 e.
398 283 542 333 essnrr
567 283 751 331 assuras
775 280 1087 331 nnssrosnnuss
1110 279 1164 327 nx
1187 278 1331 326 runnu
1361 278 1449 327 usn.
1475 277 1519 325 ss.

155 461 197 510 Ne
211 466 257 509 tna
276 462 438 509 marcescant
457 469 505 518 per
527 455 626 505 inertes
640 455 693 504 otia
710 469 822 519 somnus,
891 446 897 457 ’
945 453 980 503 Et
992 458 1073 517 quuta
1083 465 1143 514 pars
1158 452 1225 501 tssec
1241 454 1303 504 sarrs
1316 458 1413 514 reum,
1423 462 1496 514 qa·
1507 448 1637 503 *11111
1651 451 1732 513 dm

192 528 289 577 Lucida
307 528 396 576 Pieris
413 525 500 574 tendis
518 524 543 572 in
564 531 635 573 astra
659 524 709 573 ria.
979 523 1017 570 Te
1036 522 1098 570 milri
1117 520 1243 569 iucundas
1260 518 1389 568 efficiente
1407 520 1485 582 vias3

156 598 232 648 Haec
245 612 346 660 qsanue
362 609 404 644 res
416 593 607 657 aliquidteenns
623 593 684 641 mitri
698 591 811 644 i'oederis
825 594 919 645 afferi:
946 592 997 640 fleu
1017 597 1074 639 rate
1088 590 1221 638 menalcas
1235 589 1303 652 picta
1316 589 1475 637 suieasisaas
1495 587 1610 651 ndu,

192 667 316 714 Eiusdem
336 665 404 713 sacri
421 665 505 710 cultor
523 669 633 724 uterque
652 677 748 712 snmus.
983 659 1083 708 Esseda
1100 673 1147 707 nus
1164 659 1226 719 agili
1242 658 1298 706 sive
1317 659 1401 706 tulere
1418 654 1496 707 retal

157 734 201 786 Ad
221 741 307 784 satem
327 740 402 782 rates
419 732 520 780 orantis
539 732 643 780 brachia
662 731 752 795 tendo,
887 735 921 781 11
947 730 1033 790 Saepe
1046 728 1131 777 breuis
1147 727 1220 774 uobis
1237 727 1335 775 vicibus
1353 725 1394 774 uia
1416 725 1476 774 sisa
1501 725 1669 789 loquendis
1702 731 1732 776 11

191 806 273 853 Terra
291 803 325 852 sit
344 802 440 850 exsiliis
458 807 488 849 nt
505 806 550 848 tna
567 798 622 847 litia
641 800 713 848 meis.
982 799 1123 859 Pluraque,
1142 796 1162 844 si
1181 809 1312 856 numeres,
1331 795 1411 843 seriis
1429 792 1511 844 foere
1535 794 1647 856 wde-

157 873 216 922 Non
233 886 280 932 ego
295 871 378 920 caede
394 883 490 919 uucens
502 869 527 916 in
542 869 650 916 Pontica
666 868 741 916 litora
755 868 825 931 seni,
948 867 1034 929 Saepe
1050 864 1107 915 dics
1122 879 1241 912 sermone
1257 865 1339 912 minor
1353 862 1410 924 isit,
1425 863 1512 927 inque
1528 863 1705 929 bqnuh

193 942 306 990 Mistuse
325 946 385 988 sunt
398 944 486 987 nostra
501 937 557 984 dira
577 951 677 984 verrens
698 951 795 996 mann;
981 934 1069 983 Turde
1088 949 1136 996 per
1148 934 1260 981 cestium
1275 931 1360 981 deluit
1371 933 1434 981 bora
1447 933 1522 983 dies.

158 1010 216 1060 Nec
231 1024 289 1058 mea
307 1009 423 1057 subiecta
438 1007 556 1055 convicta
570 1012 610 1053 est
623 1019 725 1065 gemma
739 1006 835 1055 misella
949 1005 995 1053 Est
1009 1003 1116 1067 aliquid,
1127 1015 1202 1050 casus
1221 1003 1319 1064 pariter
1337 1001 1454 1050 timuisse
1470 1002 1615 1065 urina,
1781 1014 1783 1063 t

194 1079 352 1127 Mendaeum
367 1077 424 1124 linis
443 1074 595 1136 imposuisse
610 1079 705 1122 notam.
890 1077 923 1122 iit
983 1073 1129 1136 Iunctaque
1149 1069 1182 1119 ad
1206 1084 1347 1135 aequoreos
1364 1076 1426 1118 sota
1450 1070 1553 1120 tulisse
1578 1072 1673 1124 decas
1704 1078 1734 1125 ts

159 1147 217 1196 Nec
232 1146 381 1209 quidquam,
394 1143 462 1208 quod
478 1144 535 1204 lege
551 1147 624 1190 veter
636 1143 806 1203 committere,
823 1138 888 1192 secl:
950 1142 984 1191 Et
999 1141 1075 1190 modu
1098 1154 1140 1189 res
1160 1140 1244 1202 egisse
1264 1141 1355 1198 simui;
1374 1137 1452 1188 mods
1466 1153 1573 1197 nme
1590 1143 1631 1193 ais
1646 1145 1707 1207 llfls,

196 1215 231 1263 Et
244 1223 331 1262 tamen
347 1214 386 1262 iris
402 1212 506 1275 partor
522 1224 590 1259 noxa
607 1208 716 1259 intends
731 1211 792 1259 mihi
806 1215 855 1260 est.
985 1211 1101 1261 Quorum
1116 1223 1167 1256 nou
1191 1206 1299 1270 psidest,
1322 1222 1398 1270 pusse
1415 1206 1526 1258 referre
1545 1211 1639 1263 iones.

160 1284 237 1334 Neve
252 1295 327 1345 repes
340 1281 402 1348 qnid
421 1282 463 1341 sit,
479 1281 583 1329 stullam
601 1281 798 1342 conscripsimus
811 1279 924 1340 Arsen
950 1279 1026 1328 Haec
1044 1278 1090 1327 tibi
1105 1278 1126 1325 si
1142 1278 1264 1338 subeant,
1279 1277 1358 1325 absim
1376 1277 1447 1340 lloet,
1472 1279 1614 1332 omibus
1635 1281 1709 1333 hub

198 1353 327 1401 lnnucuas
351 1351 424 1400 nubis
448 1350 513 1397 isnec
534 1353 608 1398 vetat
623 1363 682 1397 esse
702 1362 802 1398 manns.
986 1347 1058 1397 Ante
1076 1352 1134 1396 tuos
1151 1347 1249 1407 oculos,
1267 1352 1296 1394 ut
1312 1345 1389 1394 modo
1407 1346 1494 1408 visas,
1513 1360 1580 1398 eru.

83 1464 88 1474 .
160 1419 263 1485 Ecquid
278 1426 416 1482 praeterea
428 1416 567 1481 peccarim,
585 1430 711 1481 quaerere
727 1417 789 1480 noll,
892 1421 925 1466 tu
951 1415 1328 1481 lpscqnidomextremiquum
1340 1414 1737 1485 nascentiae-&u

199 1490 235 1538 Ut
246 1491 327 1537 lateat
345 1490 399 1538 soh
416 1489 494 1550 eulpa
508 1487 555 1535 snb
573 1486 639 1535 Arte
661 1501 728 1534 mea.
987 1486 1038 1536 Qut
1054 1498 1157 1546 semper
1173 1483 1275 1547 liquidis
1286 1484 1362 1532 alcior
1379 1488 1470 1534 exstas
1481 1487 1589 1549 aquius

162 1556 297 1621 Quidquid
311 1557 336 1605 id
355 1564 405 1616 cst,
417 1556 495 1605 habui
512 1555 673 1604 moderatam
692 1553 799 1604 vindicis
811 1553 891 1606 iramz
950 1555 989 1605 'i'e
1005 1560 1093 1602 tamen
1115 1553 1228 1614 intueor,
1242 1567 1293 1615 qun
1311 1552 1364 1601 selo
1381 1557 1496 1615 pectore

200 1627 252 1677 Qui
270 1626 318 1675 nisi
331 1627 443 1674 natalem
461 1625 497 1673 nli
513 1625 573 1672 mitti
592 1623 704 1686 dempsit
715 1625 829 1674 humum.
986 1623 1021 1671 Bt
1038 1629 1122 1671 tecum
1135 1621 1222 1682 gelido
1239 1635 1318 1685 saepe
1340 1621 1387 1669 sub
1411 1635 1464 1672 sae
1480 1623 1601 1688 Ιηιοι.

165 1693 226 1744 Hac
241 1695 361 1758 quonism
374 1707 461 1754 careo,
476 1699 521 1742 tua
536 1706 604 1741 nunc
619 1692 714 1742 vicinia
731 1697 859 1758 praestet,
953 1691 1005 1741 iiie
1021 1705 1059 1754 es,
1078 1695 1106 1739 et
1118 1690 1230 1752 ignoras,
1248 1696 1276 1740 et
1297 1688 1361 1739 ades
1373 1691 1579 1744 celeberrimus
1601 1694 1712 1758 ειη,

201 1764 288 1813 inviso
306 1763 400 1827 possim
419 1767 489 1811 tutus
508 1766 536 1810 ut
552 1775 610 1810 esse
629 1763 693 1811 loco.
894 1766 928 1813 80
988 1759 1071 1824 Inque
1089 1759 1171 1808 Getas
1199 1759 1285 1809 media
1304 1759 1372 1807 visus
1393 1759 1428 1807 ab
1447 1759 1532 1812 urbe
1545 1764 1646 1815 nesah.
1711 1768 1740 1814 11

332 1860 361 1921 Ε
382 1860 407 1920 P
428 1858 441 1918 Ι
462 1857 485 1918 S
506 1858 535 1920 Τ
559 1859 633 1919 01,
655 1861 682 1920 Α
723 1858 752 1920 x
953 1829 1047 1912 Redde
1063 1828 1152 1888 tieem,
1169 1833 1206 1889 et,
1220 1829 1341 1910 quoniam
1353 1828 1426 1889 regin
1442 1826 1560 1881 felicius·
1588 1834 1648 1884 η
1661 1838 1713 1899 ἢ

753 1904 761 1921 ’
989 1900 1047 1948 iilic
1065 1912 1107 1946 me
1121 1912 1228 1946 memori
1245 1904 1351 1961 pectore
1367 1910 1473 1960 sempor
1498 1901 1591 1953 Μ»,

166 1966 267 2032 Ecquid
281 1968 315 2016 ab
329 1968 470 2030 impressae
484 1966 617 2029 cognoscis
629 1966 739 2027 imagine
753 1981 831 2018 cerae
1104 1995 1132 2056 E
1154 1994 1179 2055 Ρ
1201 1994 1212 2055 Ι
1234 1994 1256 2056 S
1277 1993 1305 2055 Τ
1327 1993 1354 2054 0
1380 1994 1406 2056 L
1427 1996 1455 2056 Δ
1502 1994 1568 2060 n

202 2037 277 2086 Haec
291 2037 338 2086 tibi
360 2037 491 2086 Nasonem
513 2035 625 2084 scribere
644 2036 733 2096 verba,
751 2036 860 2089 Macert

168 2104 340 2169 Auctorisque
358 2106 397 2155 sui
411 2106 432 2155 si
445 2118 496 2154 uon
514 2109 554 2152 est
575 2105 685 2152 annitius
700 2104 790 2167 index,
955 2105 1014 2155 Hoc
1026 2102 1082 2166 tibi,
1104 2101 1180 2164 Rufe,
1195 2102 1269 2151 brevi
1288 2107 1457 2166 properatum
1470 2109 1615 2170 tempere
1631 2110 1715 2162 ιω

203 2175 348 2237 Cognitane
367 2180 408 2224 est
429 2179 518 2223 nostra
540 2173 627 2221 littera
650 2170 720 2221 saeta
737 2180 832 2224 mauut
992 2174 1073 2233 Naso,
1093 2185 1184 2234 parum
1203 2169 1305 2221 faustae
1323 2172 1444 2221 eonditor
1464 2171 1564 2238 Artis,
1582 2190 1682 2242 ,με

168 2242 211 2294 An
225 2243 272 2292 tibi
287 2242 404 2292 notitiam
425 2241 634 2303 montemporis
647 2241 724 2304 eripit
736 2243 844 2293 hurnml
914 2250 930 2294 1
956 2242 1002 2303 Ut,
1018 2255 1164 2304 quanquam
1179 2241 1254 2302 longe
1268 2245 1322 2289 toto
1335 2255 1422 2289 sumas
1432 2242 1503 2291 urbe
1522 2249 1645 2312 renui,

204 2313 261 2360 Nec
280 2317 403 2375 repetunt
418 2311 485 2360 oculi
504 2311 576 2372 signa
594 2316 698 2359 vetusta
715 2312 768 2362 tuit
991 2311 1062 2359 Scire
1082 2316 1170 2359 tanmn
1190 2310 1271 2372 possis
1295 2323 1342 2358 nos
1358 2309 1583 2365 menstruanus.

168 2380 210 2431 811
224 2382 284 2429 licet
297 2382 391 2430 oblitas
407 2381 506 2443 pariter
523 2392 692 2442 gemmaeque
710 2393 863 2447 manusque,
957 2379 1074 2429 Nominis
1094 2384 1156 2426 aute
1178 2378 1229 2426 mei
1252 2378 1359 2427 venient
1376 2378 1475 2428 oblivia
1491 2383 1594 2444 noea,
1730 2389 1745 2433 1

205 2449 340 2500 Exciderit
358 2455 457 2498 tantum
477 2462 511 2496 ne
529 2447 576 2496 tibi
593 2461 655 2496 cura
673 2448 733 2497 mel.
992 2449 1103 2497 Pectore
1132 2460 1209 2509 qnam
1233 2446 1318 2508 pietas
1341 2446 1374 2496 sit
1390 2453 1435 2496 taa
1457 2449 1544 2509 pulsa
1562 2465 1643 2504 nso.

168 2517 254 2568 Quum
268 2526 296 2566 tu
314 2518 354 2566 sel
367 2517 436 2577 longi
454 2516 536 2565 debes
551 2514 709 2564 convictibus
725 2515 793 2579 aevi,
957 2517 992 2566 Et
1009 2516 1079 2578 prius
1098 2516 1165 2564 hanc
1183 2514 1294 2563 animam
1318 2528 1412 2565 vacuas
1436 2515 1600 2573 easdem
1614 2522 1646 2573 irs
1661 2536 1747 2586 m,

205 2586 255 2633 vet
273 2598 331 2633 mea
345 2584 414 2648 qnod
433 2584 526 2632 coniux
547 2596 597 2630 nou
620 2582 704 2631 aliena
728 2584 791 2645 tibi3
900 2591 932 2636 10
992 2586 1077 2636 Quam
1097 2583 1144 2632 frat
1161 2583 1246 2631 meriti
1264 2583 1345 2645 gratia
1366 2597 1431 2633 vana
1449 2585 1499 2636 ms

169 2652 221 2702 Vel
237 2653 338 2713 studiis,
353 2652 445 2714 qulbus
459 2664 499 2710 es,
512 2662 587 2713 quum
609 2663 666 2710 uos,
684 2652 826 2715 sapientius
844 2669 916 2720 usus,
957 2652 1065 2704 Grande
1082 2667 1144 2701 roco
1161 2652 1279 2700 lacrimas
1292 2653 1420 2714 meritum,
1433 2655 1538 2716 quibas
1557 2672 1613 2708 on
1632 2660 1748 2726 sipha,

205 2721 293 2783 thue
307 2719 394 2781 decet,
406 2719 478 2767 nnita
496 2715 581 2767 iseum
595 2733 623 2768 es
647 2719 713 2768 Arte
730 2735 834 2773 nocens.
969 2738 972 2743 ’
994 2723 1080 2771 Ouum
1093 2736 1152 2770 mea
1167 2727 1289 2769 concretu
1304 2722 1371 2769 sicca
1385 2719 1477 2771 dolore
1491 2720 1609 2778 forent
1717 2734 1747 2780 ss

169 2789 209 2838 Tu
225 2789 296 2838 carris
315 2793 424 2837 aeterno
443 2786 565 2852 quidquid
580 2789 696 2838 restabat
711 2789 835 2854 Homero,
958 2788 1066 2842 Grande
1083 2804 1145 2839 roco
1162 2789 1292 2850 meritum,
1305 2797 1419 2839 mesiae
1436 2790 1538 2842 solatia
1559 2799 1682 2864 nessus,

207 2856 248 2905 Ne
263 2860 371 2905 careant
391 2857 591 2904 snnsmu'l'roica
613 2857 681 2905 bella
699 2870 786 2908 manu.
952 2856 956 2863 “
994 2861 1079 2910 Quum
1098 2860 1196 2921 pariter
1218 2858 1291 2906 nobis
1312 2858 1355 2906 illa
1374 2858 1592 2922 unimodum.

171 2919 242 2973 Naso
255 2938 346 2987 pssum
359 2924 484 2987 prudens,
497 2923 589 2971 Artem
604 2924 664 2972 dnm
677 2926 758 2974 tradit
779 2926 893 2993 amandi,
901 2932 932 2979 11
959 2929 1058 2991 Sponte
1079 2927 1192 2991 quidem,
1205 2940 1251 2988 per
1266 2940 1346 2990 seque
1358 2940 1417 2976 uses
1430 2934 1472 2977 est
1490 2930 1653 2984 laudabilis
1664 2949 1746 2997 mg

208 2992 349 3043 Doctrinae
368 2994 479 3056 pretinm
494 2992 568 3041 triste
585 2993 707 3053 magister
723 2994 811 3044 habet.
995 2995 1138 3046 Admonitu
1157 2996 1247 3044 melior
1263 2994 1296 3043 iit
1314 3001 1400 3044 tamen
1422 2995 1467 3045 ilia
1485 3003 1550 3049 tun.

173 3059 241 3110 Sunt
256 3066 344 3110 tannen
362 3063 431 3111 intes
451 3076 479 3110 se
494 3062 638 3111 cummunis
650 3075 723 3111 sacra
742 3064 834 3127 poetis,
960 3063 1320 3128 Namquequodiiermionae
1332 3063 1425 3113 Castor
1442 3063 1747 3139 fuit,11ectoslun,u

207 3131 345 3179 Diversum
366 3131 484 3195 quamvis
501 3131 609 3194 quisque
626 3143 764 3193 sequamur
777 3134 835 3182 iter.
995 3133 1054 3182 Hoc
1072 3148 1120 3196 ego
1138 3139 1165 3182 te
1183 3134 1266 3181 laetor
1282 3133 1396 3194 cuniugis
1416 3147 1474 3182 esse
1492 3148 1592 3189 meae.

172 3198 867 3266 Quorumsememorem,qnanquamprocuiabsumus,
877 3217 935 3254 esse
961 3204 1046 3265 Quae,
1061 3216 1094 3250 ne
1109 3201 1240 3251 dissimilis
1259 3200 1305 3250 tibi
1324 3202 1357 3250 sit
1372 3202 1514 3266 protestate,
1531 3205 1662 3275 iamt,

207 3268 338 3330 Suspicor,
352 3275 380 3318 ct
392 3282 466 3318 ossus
486 3270 553 3317 velle
574 3270 662 3316 levare
682 3281 761 3319 meos.
901 3278 935 3322 ao
995 3272 1082 3335 Seque
1099 3271 1138 3319 tui
1156 3271 1209 3319 vita
1227 3270 1358 3330 sanguinis
1376 3284 1432 3319 esse
1449 3272 1564 3333 probet.

171 3337 210 3386 Te
226 3336 303 3398 duce,
319 3337 470 3400 magnificas
491 3337 569 3386 Asiae
583 3337 763 3399 perspeximus
778 3339 870 3392 urbes:
961 3341 1040 3403 Ergo,
1052 3338 1121 3403 quod
1133 3335 1219 3388 riserat
1237 3338 1345 3387 stimulis
1365 3337 1466 3388 iactura
1486 3341 1549 3390 she
1569 3346 1648 3411 nih,

207 3406 337 3455 Trinacris
353 3413 393 3456 cst
404 3408 493 3466 oculis,
511 3412 536 3454 te
553 3405 632 3466 duce,
646 3411 708 3454 nota
722 3408 795 3457 meis.
995 3410 1102 3458 Plenius
1114 3415 1246 3457 auctorem
1266 3413 1292 3455 te
1308 3421 1410 3470 quoque
1428 3418 1507 3457 sacta
1521 3407 1607 3464 iacit,
1714 3421 1747 3467 ῃ

174 3472 293 3523 Vidimus
308 3475 427 3524 Aetnaea
445 3477 543 3523 coetum
557 3473 741 3537 splendescere
755 3475 868 3540 flamma,
963 3479 1042 3538 Acer,
1059 3482 1087 3525 et
1106 3477 1140 3525 ad
1153 3479 1254 3539 palmae
1267 3490 1315 3538 per
1329 3492 1356 3525 se
1368 3490 1490 3526 cursurus
1505 3478 1646 3549 basona,

210 3544 365 3605 Suppositus
389 3544 469 3593 monti
488 3557 565 3606 qnam
581 3544 661 3591 vomit
679 3558 724 3591 ore
743 3546 833 3607 gigan
997 3546 1025 3594 Si
1043 3552 1131 3594 tamen
1147 3545 1267 3605 horteris,
1283 3543 1374 3594 i'ortius
1392 3545 1439 3594 ibit
1459 3559 1558 3609 equas.

176 3606 371 3674 Hennaeosque
395 3613 476 3670 luens,
497 3619 525 3660 et
544 3612 640 3658 olentia
664 3618 757 3673 stagna
777 3613 869 3677 Palici,
903 3618 938 3663 11
965 3615 1053 3675 Adde,
1071 3614 1139 3677 qnod
1158 3613 1272 3663 absentis
1295 3628 1357 3663 cura
1374 3613 1499 3663 mandata
1517 3615 1604 3669 fideii

213 3681 322 3742 Qrsaqne
346 3679 397 3727 suis
413 3680 520 3740 Cyanen
543 3679 634 3728 miscet
656 3679 765 3743 Anapus
786 3683 869 3745 aquis.
998 3682 1117 3744 Persicis,
1136 3690 1163 3731 et
1181 3684 1278 3732 nulium
1299 3681 1370 3731 serre
1390 3684 1508 3747 gravaris
1528 3701 1620 3739 nasu.

176 3746 334 3809 Nccprocnl
357 3747 416 3794 hinc
434 3746 583 3808 Nympheu,
598 3760 675 3810 qnae,
701 3749 762 3798 dum
778 3748 845 3815 tingit
857 3751 938 3802 Elidis
963 3751 989 3802 0
1009 3751 1126 3800 ret‘erunt
1142 3753 1371 3814 grates,qnoniam
1385 3765 1436 3801 nou
1457 3765 1608 3814 pommus
1629 3760 1698 3827 ipsi,
1711 3756 1746 3810 1

603 3829 722 3880 amnem,
1000 3821 1032 3868 Di
1046 3821 1108 3880 tibi;
1127 3821 1170 3884 qui
1186 3818 1312 3882 reterens,
1333 3822 1353 3868 si
1367 3822 1411 3883 pia
1430 3817 1502 3870 iacta
1522 3825 1647 3891 sidem

211 3883 294 3931 Tecta
309 3883 356 3931 snb
373 3897 504 3947 aequorea
523 3897 591 3931 nuuc
610 3898 711 3946 quoque
725 3887 806 3935 currit
828 3901 903 3952 aqua.
964 3887 1133 3952 Snffietasqne
1152 3889 1197 3938 diu
1211 3902 1304 3951 cuspus
1322 3902 1424 3953 qunque
1442 3891 1562 3944 moribus
1582 3896 1659 3962 istis,

176 3950 229 4001 nte
250 3953 439 4002 mitilinensis
462 3967 522 4015 pars
540 3952 600 4000 anni
615 3967 709 4013 magna
725 3962 833 4016 peracta
849 3961 904 4005 est:
999 3957 1116 4007 Maxima
1130 3957 1251 4008 Fundani
1262 3959 1353 4021 pluria,
1375 3957 1454 4022 Rufe,
1471 3961 1532 4011 suli.

211 4018 272 4068 fleu
293 4021 343 4068 iscu
363 4037 439 4085 quens
463 4021 551 4084 dispar
573 4026 612 4070 est
629 4023 699 4070 locus
719 4025 763 4072 ilie
779 4022 872 4073 Getis!
906 4029 940 4075 1ο

228 4182 281 4231 m
297 4184 398 4240 imagine
411 4199 517 4241 ‘murce
532 4186 612 4229 iinrm.
625 4197 640 4226 e
654 4185 720 4231 dnob.
734 4185 798 4230 codd.
812 4186 859 4229 Sosi
873 4188 980 4241 imprimi
991 4192 1028 4229 ent
1042 4202 1084 4244 pru
1097 4191 1179 4244 premi.
1195 4189 1261 4231 Pers.
1274 4189 1293 4241 1,
1306 4190 1340 4233 di.
1374 4188 1401 4232 ²2
1416 4191 1466 4232 uisu
1480 4194 1551 4238 asela
1588 4196 1621 4242 n
1639 4198 1672 4245 Ν

174 4236 238 4285 esdd.
254 4240 303 4281 liin
319 4240 402 4283 iieins.
443 4241 471 4283 ²⁸
485 4247 567 4281 nrunut
581 4252 649 4294 aqua·
696 4244 720 4284 11
739 4254 785 4292 res,
797 4242 875 4291 seria:
888 4244 917 4284 ab
931 4240 986 4293 illis,
1001 4243 1049 4284 illis
1063 4245 1150 4287 essetis
1164 4254 1187 4286 ct
1203 4244 1321 4298 depositis.
1369 4246 1396 4286 is
1408 4248 1510 4294 ssime
1527 4250 1636 4297 iussu,
1735 4258 1752 4301 ο

174 4293 257 4335 sartis.
299 4295 325 4335 iis
341 4295 477 4338 Hermiones
492 4295 574 4336 licias.
586 4307 600 4337 e
614 4292 678 4337 eudd.
692 4296 758 4339 dani.
772 4295 806 4336 Es
820 4295 896 4338 alters
909 4295 995 4339 Mum
1010 4302 1055 4346 est,
1069 4305 1094 4340 ut
1109 4297 1198 4341 liisrarii
1214 4298 1329 4340 serius-nd.
1342 4304 1453 4353 putarent
1470 4298 1534 4353 ista,
1548 4307 1619 4358 qna
1639 4311 1670 4355 fl
1682 4312 1752 4369 v*

174 4347 272 4391 assises.
286 4350 366 4391 tieaic
380 4350 487 4392 restissdt
501 4350 582 4392 lieins.
595 4361 609 4391 e
623 4347 709 4394 osten
723 4350 792 4394 usius
807 4348 896 4394 llutos
909 4349 953 4395 itti.
995 4352 1024 4396 ts
1038 4350 1155 4395 Fundusss
1167 4374 1196 4384 —
1209 4352 1257 4394 soie
1271 4353 1351 4397 liaris.
1364 4367 1385 4398 u.
1398 4364 1472 4408 qaam
1485 4355 1538 4400 sais
1551 4367 1629 4408 ussat
1643 4364 1740 4413 hu,
