3586 5498
158 265 235 339 018
343 282 760 335 mortuummare
785 282 1098 333 aessronssusr
1121 281 1174 329 ax
1198 281 1348 329 auaro
1371 280 1458 328 asa.
1483 278 1545 327 ass.

158 459 237 510 biens
251 465 296 508 tna
308 458 422 506 sublimis
438 471 518 520 supra
530 470 613 518 genus
627 456 725 505 eminet
739 455 841 519 ipsum
950 457 1018 506 nam
1031 455 1103 504 venit
1116 455 1166 503 buc
1179 467 1276 516 rumor,
1293 455 1495 516 properataque
1511 451 1649 502 carnin
1664 450 1736 515 ht,

194 528 326 578 Grandius
340 527 445 588 ingenio
463 526 568 575 nectibi
582 541 675 573 nomen
689 527 767 575 inest.
985 525 1117 587 Factaque
1132 529 1196 572 eunt
1216 521 1251 571 ad
1273 535 1327 582 vos,
1343 535 1426 570 sunus
1449 520 1548 570 abisse
1565 527 1675 584 petest.
1704 526 1735 572 00

159 597 228 657 Ergo
243 599 287 646 alii
298 601 411 644 noceant
424 596 681 657 miseris,optentqne
694 594 789 657 tinreri,
875 598 924 645 los
952 594 1008 643 Nec
1028 593 1161 641 minimum
1176 591 1268 653 refert,
1286 591 1385 640 intacta
1401 590 1508 639 rosaria
1528 592 1655 655 petuas,

193 668 337 728 Tinctaque
353 665 467 713 mordaci
481 665 579 726 spicula
597 662 658 724 selle
670 669 773 724 gerant.
986 662 1028 712 An
1047 677 1106 711 sera
1123 675 1216 722 carpas
1234 674 1318 722 paen
1337 659 1428 708 relicta
1447 672 1550 708 mnu.

159 735 198 786 At
215 742 260 783 tus
272 735 430 796 supplicibus
447 733 538 781 domus
553 738 593 780 est
608 741 713 780 assueta
727 730 856 794 iurandis,
951 731 1022 782 Quid
1041 732 1142 789 mirum,
1162 730 1236 778 lectis
1256 729 1382 777 exhausto
1395 727 1509 777 duribus
1524 729 1627 792 horu,

194 803 226 854 ln
241 818 348 869 quorum
362 818 470 851 nsmcro
483 816 523 849 me
537 815 629 863 precor
645 815 702 850 csse
717 802 790 849 velis.
986 801 1014 847 Si
1031 799 1098 848 duce
1116 814 1167 847 non
1186 796 1256 846 sacta
1274 804 1315 846 est
1332 797 1412 858 digna
1429 810 1537 846 cornea
1559 804 1639 848 suot

326 899 672 962 rmum
715 896 768 961 ιν.
953 868 1735 998 urruns?„terreamur”

162 1010 239 1060 Haec
258 1008 305 1058 tibi
318 1023 369 1057 nun
386 1021 478 1056 sanam
497 1007 629 1068 portantia
647 1007 728 1056 verba
744 1009 856 1057 salutem
953 1008 1021 1055 Sunt
1036 1007 1096 1054 mibi
1121 1006 1249 1053 nobiscnm
1268 1004 1412 1052 commanis
1432 1017 1527 1065 sacra,
1543 1012 1674 1069 μεως

197 1079 269 1127 Nasu
280 1078 418 1126 Tomitana
432 1076 512 1124 mittit
525 1077 557 1122 ab
574 1077 637 1123 urbe
654 1083 729 1134 tuus3
987 1075 1018 1123 ln
1038 1082 1124 1122 restro
1142 1074 1241 1122 miseris
1258 1073 1280 1122 si
1297 1074 1358 1121 licet
1375 1086 1433 1121 esse
1453 1073 1555 1122 ebuso.

161 1148 250 1210 thue
264 1161 310 1195 suo
325 1144 415 1194 sareas
433 1144 550 1205 mandat,
573 1144 677 1206 Rutiue,
697 1145 857 1208 Triumpho:
953 1145 1101 1207 Magnaque
1119 1158 1179 1204 pars
1195 1143 1297 1191 animae
1316 1155 1417 1190 mecum
1432 1141 1556 1202 vixistis,
1574 1143 1677 1195 anicia

197 1216 229 1264 ln
248 1222 349 1264 vestras
363 1213 433 1261 scuit
449 1213 469 1262 si
481 1220 567 1260 tamen
586 1214 629 1262 ille
646 1229 745 1263 manus.
989 1214 1047 1261 Hac
1066 1227 1114 1274 ego
1129 1227 1173 1259 vos
1188 1212 1283 1259 absens
1298 1224 1367 1259 nnnc
1381 1223 1490 1272 quoqne
1511 1218 1603 1272 parba
1621 1214 1692 1263 cols.
1706 1216 1735 1264 10

162 1284 210 1334 Est
221 1298 286 1346 opus
301 1284 432 1345 exiguum,
445 1283 576 1346 vastisque
593 1284 725 1344 paratibus
740 1284 838 1345 impar:
912 1288 927 1331 t
953 1282 1011 1330 sint
1032 1281 1109 1343 igitur
1127 1286 1214 1329 vestro
1229 1295 1287 1328 raes
1305 1277 1524 1328 commendanda
1542 1279 1642 1332 favori

198 1353 283 1404 Quale
296 1360 383 1400 tamen
396 1365 505 1414 cumque
521 1357 570 1411 est,
589 1359 618 1400 ut
633 1358 734 1412 tueare,
751 1367 822 1413 rogo.
989 1350 1119 1410 Carmina,
1138 1363 1189 1397 non
1208 1362 1309 1410 possum
1328 1363 1375 1410 pro
1388 1347 1486 1411 quibus
1503 1349 1570 1410 ipse
1591 1351 1678 1416 lch.

163 1422 250 1474 Firma
266 1423 355 1470 valent
370 1434 462 1482 perse,
472 1421 774 1482 nullumqnclttaclraona
784 1426 926 1484 quaerunt;
954 1419 1056 1481 Scripta
1070 1421 1207 1480 placenta
1227 1423 1310 1466 morte
1325 1415 1391 1477 sere,
1411 1417 1478 1479 quia
1497 1417 1624 1469 laedere
1639 1421 1710 1471 sien

200 1490 243 1541 Ad
259 1489 383 1538 medicam
400 1488 491 1537 dubius
508 1488 625 1549 confugit
638 1504 717 1550 aeger
732 1504 818 1551 opem.
987 1488 1074 1546 Livor,
1093 1495 1120 1536 et
1138 1487 1232 1536 iniusto
1249 1500 1358 1548 carpere
1375 1484 1458 1534 deute
1480 1489 1569 1539 soles.

164 1560 223 1610 Non
238 1574 302 1620 opus
319 1566 359 1607 est
373 1559 471 1618 magnis
484 1558 586 1618 placido
602 1559 698 1606 lectore
711 1560 810 1620 poetis:
955 1557 1080 1618 sigerus
1095 1563 1135 1605 cst
1148 1557 1236 1604 mortis
1251 1558 1317 1604 male
1337 1555 1440 1614 rivere3
1463 1559 1545 1605 terra
1559 1564 1698 1623 uocatu,
1708 1562 1739 1609 00

199 1629 347 1680 Quamlibet
358 1622 466 1674 inritnni
480 1625 662 1689 difficilemqne
681 1633 782 1676 tenent.
896 1629 928 1676 10
991 1627 1024 1674 Et
1042 1626 1137 1675 desunt
1155 1624 1215 1673 satis
1234 1626 1288 1673 sola
1305 1625 1426 1686 sepulcra
1445 1625 1531 1676 meis.

165 1698 230 1756 Nos,
243 1697 333 1760 quibus
348 1695 478 1757 ingenium
494 1696 564 1756 longi
577 1696 693 1744 minuere
714 1697 825 1759 labores,
956 1695 1075 1757 Denique
1093 1709 1158 1757 opus
1173 1699 1277 1742 nostrae
1301 1694 1421 1754 culpetur
1439 1696 1471 1740 ut
1493 1693 1629 1760 undique
1640 1712 1728 1761 naas,

199 1766 272 1831 (Aut
284 1764 360 1812 ctiam
375 1765 473 1812 nullum
486 1760 591 1812 forsitan
612 1770 674 1812 ante
688 1762 759 1827 fuir),
991 1762 1120 1823 Officium,
1139 1778 1224 1821 uerno,
1242 1762 1285 1826 qui
1303 1760 1499 1824 reprehendat,
1518 1765 1590 1815 erit.

166 1835 271 1883 Viribus
288 1833 392 1893 infirmi,
405 1839 491 1880 vestro
503 1833 616 1881 caudore
630 1834 761 1893 valemus;
956 1833 993 1881 Ut
1006 1833 1093 1881 desint
1111 1832 1188 1889 vires,
1205 1837 1293 1880 tamen
1310 1838 1350 1879 est
1370 1830 1514 1881 laudanda
1528 1834 1682 1886 volantes:

201 1903 285 1953 Quem
305 1901 365 1948 milri
385 1901 407 1949 sl
423 1900 522 1961 demas,
537 1902 623 1949 omnia
636 1909 711 1963 rapta
729 1908 829 1963 putem.
991 1902 1051 1949 Hac
1068 1916 1116 1961 ego
1134 1907 1269 1950 contentos
1287 1914 1398 1961 auguror
1416 1913 1478 1949 esse
1500 1901 1588 1952 deos.
1710 1906 1738 1953 00

165 1972 318 2033 Cunctaque
333 1984 411 2033 qnam
430 1984 488 2017 mea
503 1972 554 2018 sint
571 1984 700 2032 propenso
714 1970 775 2018 nixa
790 1969 928 2032 iavereit
956 1969 1032 2019 Haec
1042 1969 1113 2028 facit,
1127 1977 1155 2018 ut
1168 1969 1255 2018 veniat
1265 1983 1364 2031 pauper
1381 1982 1488 2032 quoque
1506 1978 1613 2031 gratas
1629 1972 1741 2035 adun,

201 2040 374 2102 Praecipuum
395 2039 487 2086 reniae
504 2039 543 2086 ins
562 2039 640 2086 babet
658 2039 701 2086 ille
721 2039 794 2088 liber.
991 2039 1025 2087 Et
1044 2040 1147 2101 placeat
1165 2052 1240 2087 caeso
1258 2053 1308 2086 nnn
1328 2038 1411 2085 minus
1429 2052 1505 2100 agna
1526 2041 1616 2093 bove.

167 2110 318 2172 Spectatum
332 2114 404 2156 rates
418 2108 461 2155 alii
472 2108 599 2169 scripsere
614 2108 789 2170 triumphum:
957 2109 1009 2156 lies
1022 2122 1123 2171 quoque
1138 2113 1212 2155 tauta
1225 2106 1281 2167 t‘nit,
1301 2112 1415 2169 quantae
1431 2107 1596 2160 subsistere
1609 2126 1715 2163 suus

201 2178 248 2226 Est
266 2177 362 2240 aliquid
381 2176 488 2224 memori
508 2177 560 2225 visa
579 2183 670 2224 notare
689 2191 776 2225 manu.
992 2175 1125 2225 Aeneidos
1144 2176 1197 2224 vati
1214 2175 1313 2237 grande
1330 2174 1422 2223 suisset
1439 2189 1526 2226 onus.

167 2246 221 2297 Nos
242 2260 274 2294 ea
300 2247 341 2292 vix
360 2245 462 2293 aridam
483 2247 558 2305 vulgo
579 2252 684 2307 captata
705 2260 753 2308 per
771 2260 861 2294 aurern
957 2247 1039 2294 Ferre
1064 2245 1142 2293 etism
1160 2246 1250 2293 molles
1271 2243 1337 2306 elegi
1359 2250 1412 2292 tam
1435 2251 1518 2294 rasta
1541 2246 1682 2313 triumfis
1712 2250 1743 2298 Ι

201 2315 364 2376 scripsimus,
383 2320 462 2377 atque
478 2315 545 2362 oculi
564 2312 633 2362 sama
655 2313 728 2362 inere
749 2315 809 2363 mei.
896 2316 931 2360 20
992 2313 1115 2362 Pondere
1134 2313 1279 2374 disparibus
1298 2326 1348 2361 non
1367 2319 1479 2374 potuere
1502 2315 1588 2367 sotis.

166 2384 273 2434 sdttoet
292 2383 401 2432 allectus
419 2384 524 2443 similes,
546 2390 592 2431 aut
609 2384 720 2445 impetus
736 2382 815 2446 idern,
958 2384 1017 2433 Quo
1031 2383 1099 2444 pede
1117 2396 1185 2429 nnnc
1207 2389 1275 2443 utar,
1297 2379 1376 2430 dubis
1389 2388 1430 2430 est
1448 2384 1601 2434 sense-th
1617 2386 1713 2448 »ὣς

202 2453 290 2501 Rebus
308 2452 340 2501 ab
359 2452 454 2500 auditis
472 2451 666 2514 conspicuisque
686 2452 777 2499 renitt
994 2452 1071 2500 Alter
1089 2450 1157 2498 enim
1176 2448 1210 2498 de
1230 2456 1267 2513 te,
1284 2449 1384 2510 Rbeue,
1402 2450 1564 2512 triumphus
1584 2454 1682 2507 adesa

168 2520 226 2571 Nae
242 2521 309 2569 nitor
324 2520 435 2581 argenti,
450 2534 525 2581 quern
542 2534 586 2567 ros
604 2519 712 2575 vidistis,
727 2526 755 2567 et
767 2518 833 2578 auri,
958 2521 1037 2569 irrita
1052 2533 1169 2568 verorum
1186 2532 1237 2566 aon
1252 2524 1312 2569 sunt
1326 2517 1465 2581 praesagia
1478 2526 1602 2573 satanas

203 2588 281 2641 Quod
297 2588 357 2636 mibi
370 2586 493 2646 defuerit,
511 2600 677 2650 purpuraque
692 2588 745 2648 illa,
758 2602 861 2650 queror.
994 2588 1089 2637 Danda
1105 2587 1162 2635 luri
1175 2589 1271 2649 laurus,
1286 2586 1346 2636 dum
1363 2588 1433 2649 prior
1452 2587 1501 2635 illa
1516 2590 1606 2642 viret.
1712 2598 1743 2644 u

169 2657 222 2707 Sed
245 2658 310 2716 loca,
330 2655 376 2704 sed
398 2661 490 2716 gentes
506 2653 632 2703 tmnratae
648 2656 717 2704 mille
739 2655 828 2716 rigaris
897 2658 931 2702 25
959 2658 1015 2707 Nec
1030 2671 1088 2705 mea
1101 2657 1181 2704 rerba
1195 2657 1268 2718 legis,
1285 2656 1328 2719 qul
1346 2670 1401 2704 sum
1416 2656 1565 2708 submotus
1578 2660 1619 2711 ad
1638 2662 1745 2727 laun,

205 2726 354 2774 Nutrissent
372 2737 487 2783 armen,
504 2724 654 2787 proeliaque
670 2724 736 2786 ipsa,
757 2738 861 2773 meum:
994 2726 1052 2775 Non
1071 2725 1139 2773 benc
1157 2726 1255 2788 pacatis
1271 2724 1378 2773 flumina
1396 2731 1460 2787 pota
1478 2725 1583 2790 Getis3

169 2795 204 2843 Et
224 2807 313 2853 regum
332 2793 427 2852 vultus,
443 2793 583 2841 certissima
607 2794 715 2855 pignora
729 2794 831 2857 mentis,
959 2795 1014 2844 lsta
1035 2794 1078 2843 dei
1101 2808 1152 2842 vox
1168 2799 1223 2842 est:
1243 2794 1308 2842 deus
1327 2794 1407 2842 estin
1423 2800 1545 2855 pectore
1562 2804 1682 2862 nosmg

205 2862 335 2910 lusissent
352 2862 437 2924 aliqua
454 2861 561 2909 forsitan
581 2862 642 2910 illnd
661 2876 735 2924 opus.
994 2864 1068 2912 Haec
1081 2862 1147 2911 duce
1165 2861 1289 2924 praedico
1309 2861 1488 2926 vaticinorque
1505 2863 1576 2917 deo.

169 2930 306 2981 Plauslbus
327 2943 360 2977 ex
376 2930 437 2991 ipsis
454 2931 551 2991 populi,
566 2931 686 2993 laetoque
702 2929 800 2994 favore,
959 2933 1029 2984 Quid
1039 2946 1126 2981 cessas
1136 2946 1237 2980 cnrrnm
1246 2945 1417 3007 ppmpamque
1429 2945 1535 2992 parare
1547 2935 1745 3003 nlsnpms

205 2998 341 3059 Ingenium
360 2998 468 3062 quodvis
486 2999 622 3047 incaluisse
642 3004 737 3060 potest.
899 3001 933 3048 00
994 3001 1088 3049 Liriat
1105 3001 1155 3048 lam
1175 3001 1259 3048 nullas
1280 3000 1346 3049 dant
1367 2999 1412 3047 tibi
1434 3001 1509 3049 bella
1536 3018 1646 3057 raons.

169 3069 287 3130 'l'amque
304 3082 352 3129 ego
369 3068 533 3129 sumpsissem
549 3068 594 3114 tali
609 3068 722 3115 clamore
739 3067 863 3130 rigorem,
960 3069 1067 3119 Perfida
1082 3069 1217 3118 damnatas
1232 3068 1372 3117 Germania
1395 3068 1500 3130 proiicit
1522 3071 1642 3137 aare„

206 3137 291 3187 Quam
310 3135 381 3185 rudis
399 3136 488 3185 andita
507 3136 580 3185 miles
599 3136 632 3183 sd
651 3150 722 3184 arma
741 3137 811 3184 tuba.
995 3139 1052 3187 lain
1070 3138 1172 3200 pondus
1191 3137 1262 3186 dices
1280 3151 1355 3185 omen
1374 3137 1472 3185 babere
1491 3153 1602 3192 meum.

169 3205 285 3256 Pectora
299 3205 351 3252 sint
364 3206 437 3254 nobis
450 3205 551 3254 nivibus
566 3205 701 3268 glacieque
721 3205 818 3267 licebit,
960 3208 1057 3268 Crede,
1068 3208 1191 3270 brevique
1205 3205 1271 3258 tides
1289 3206 1390 3267 aderit3
1409 3208 1563 3267 geminabit
1577 3211 1715 3264 bonore·

207 3274 294 3338 Atque
311 3275 369 3335 boc,
386 3288 464 3337 quem
483 3275 577 3336 patior,
601 3273 735 3336 frigidiora
755 3274 827 3323 loco:
996 3277 1087 3335 Pilius,
1105 3280 1131 3323 et
1148 3275 1250 3336 iunctis,
1271 3280 1300 3324 ut
1315 3276 1395 3337 prins,
1415 3274 1462 3323 ibit
1479 3278 1573 3340 equis.
1701 3284 1744 3331 100

170 3343 221 3394 tria
242 3343 314 3392 ducis
335 3343 425 3402 facies,
448 3344 473 3392 ln
491 3356 568 3392 curru
586 3344 678 3392 stantis
693 3344 801 3405 eburno,
900 3345 932 3390 00
961 3347 1065 3407 Prome,
1079 3343 1146 3407 quod
1163 3344 1261 3392 inlicias
1278 3344 1389 3392 burneris
1403 3344 1565 3407 victoribus,
1582 3355 1715 3413 ostra-3

205 3413 349 3462 Excuteret
367 3410 446 3475 frigus
465 3413 582 3461 sensibus
601 3427 677 3460 omne
696 3413 768 3461 mels.
996 3413 1058 3476 lpsa
1075 3419 1162 3474 potest
1177 3414 1278 3461 solitum
1292 3427 1367 3461 nosse
1381 3426 1478 3460 corona
1496 3423 1599 3477 caput.

169 3480 220 3530 His
235 3495 283 3542 ego
298 3480 427 3539 defectus,
442 3482 578 3545 dubiisque
595 3482 743 3531 auctoribus
759 3494 830 3543 usus,
959 3484 1049 3543 scuta,
1062 3482 1108 3530 sed
1126 3488 1153 3530 et
1166 3483 1257 3543 galeae
1273 3481 1380 3542 gemmis
1392 3479 1535 3530 radicatur
1553 3490 1585 3535 et
1598 3501 1684 3551 aure,

206 3550 249 3599 ild
267 3551 347 3598 vestri
365 3551 441 3598 renio
459 3551 515 3598 iore
533 3549 628 3599 favoris
650 3565 735 3612 opem.
993 3552 1122 3614 stentque
1140 3564 1218 3611 snper
1237 3550 1335 3599 vinctos
1358 3555 1449 3598 trunca
1469 3556 1593 3612 tropaea
1611 3557 1700 3608 viros.

170 3618 228 3669 Nec
242 3619 302 3667 mibi
320 3624 382 3667 nota
393 3618 498 3679 ducum,
511 3632 559 3667 uec
572 3625 634 3667 surrt
648 3618 710 3666 rnibl
727 3623 789 3667 nota
801 3618 915 3666 locurum
960 3620 1067 3683 Oppida
1086 3619 1184 3667 turritis
1205 3619 1342 3681 cingantur
1365 3619 1482 3668 eburnea
1504 3623 1609 3687 nuris,
1700 3626 1748 3679 m

204 3687 330 3737 Nomina:
350 3687 483 3734 materiam
503 3688 546 3734 vix
564 3687 678 3735 imbuere
697 3700 797 3735 manus.
899 3688 933 3734 00
996 3690 1121 3751 Fictaque
1146 3701 1188 3735 res
1206 3701 1266 3736 vero
1283 3702 1353 3736 more
1365 3692 1472 3749 putetur
1491 3689 1549 3750 agi.

171 3756 237 3805 Pars
250 3760 328 3818 quota
343 3754 469 3804 detentis
483 3756 570 3814 rebus,
579 3769 653 3817 quam
664 3738 744 3803 Fa⁸ma
755 3753 863 3818 referre,
960 3757 1097 3822 quralidus
1119 3757 1243 3804 immissos
1267 3755 1351 3805 fracta
1365 3757 1411 3804 sub
1432 3756 1572 3807 arundine
1587 3760 1685 3812 crisos

207 3825 262 3873 Aut
280 3823 370 3887 aliqais
388 3823 461 3871 nobis
480 3824 594 3871 scribere
613 3830 709 3885 posset,
729 3830 801 3873 cratt
997 3826 1112 3886 Rbeuus,
1132 3831 1160 3874 et
1177 3824 1287 3874 infectas
1306 3826 1430 3887 sanguine
1455 3833 1554 3886 portet
1570 3843 1674 3894 aquas.

171 3892 336 3953 Quousque,
356 3892 477 3953 olector,
494 3891 574 3940 debes
595 3893 739 3954 ignoscere,
761 3892 782 3939 sl
802 3891 863 3957 quid
960 3896 1078 3945 Barbara
1097 3895 1146 3943 iam
1165 3895 1235 3955 capti
1254 3902 1364 3956 poscunt
1380 3893 1492 3955 insignia
1511 3910 1612 3962 reges,

206 3962 327 4010 Erratum
341 3967 382 4010 est
399 3961 459 4021 illic,
475 3961 678 4022 praeteritumve
700 3960 769 4008 mibi.
994 3966 1129 4027 Textaque
1147 3960 1251 4011 fortuna
1270 3962 1388 4011 divitiora
1407 3976 1461 4010 sua.
1702 3970 1750 4018 ns

172 4030 262 4090 Adde,
273 4031 351 4093 quod,
363 4030 493 4079 assiduam
502 4029 599 4079 domini
617 4030 741 4078 meditata
751 4028 933 4093 querelam&
960 4033 995 4083 Et
1010 4047 1075 4097 quae
1097 4038 1238 4094 praeterea
1259 4032 1339 4080 virtus
1354 4031 1449 4079 invicta
1465 4035 1580 4082 tuorum

207 4098 251 4148 Ad
269 4100 364 4148 laetum
384 4114 488 4148 carmen
511 4101 553 4148 vix
574 4113 632 4147 mea
649 4114 725 4147 versa
744 4099 800 4160 lyra
815 4103 863 4146 ost.
995 4102 1081 4164 Saepe
1100 4105 1192 4163 parata
1210 4100 1265 4160 tibi,
1284 4115 1364 4163 saepe
1381 4099 1501 4162 paranda
1516 4098 1602 4153 facit.

171 4166 224 4216 Via
237 4169 304 4217 bona
317 4174 376 4231 post
392 4174 467 4217 tanto
482 4169 619 4231 quaerenti
634 4168 863 4226 verba.subibant;
961 4170 1004 4231 Di,
1020 4184 1126 4234 quorum
1140 4168 1236 4217 monitu
1253 4183 1340 4217 sumus
1355 4175 1481 4218 eventura
1500 4170 1601 4233 locati,

207 4236 242 4286 Bt
258 4236 374 4298 gaudere
395 4236 503 4301 aliquid,
522 4252 564 4286 res
580 4237 641 4284 mitri
656 4238 710 4285 visa
730 4250 798 4284 nova
814 4242 863 4285 est.
995 4239 1094 4300 Verba,
1111 4252 1211 4300 precor,
1231 4239 1309 4286 celeri
1325 4244 1414 4287 nostra
1430 4237 1546 4300 probate
1567 4240 1641 4293 lida.

171 4305 259 4370 thue
278 4305 449 4355 reformident
466 4305 594 4354 insuetum
614 4307 709 4353 lumina
727 4308 817 4367 solem,
1128 4337 1156 4397 Ε
1179 4336 1203 4395 l,
1226 4336 1238 4395 Ι
1260 4335 1282 4396 S
1304 4336 1333 4397 Τ
1354 4337 1380 4398 0
1404 4337 1430 4398 L
1450 4338 1478 4397 Α
1523 4334 1557 4399 v

207 4376 250 4425 Sic
266 4375 299 4423 ad
319 4374 442 4423 laetitiam
462 4388 534 4422 mens
552 4389 610 4421 mea
628 4376 713 4435 segnis
733 4380 799 4423 erat,
901 4378 933 4424 00
1558 4384 1568 4398 ·

171 4444 219 4493 &t
234 4457 335 4507 qnoque
352 4449 503 4492 cunctarum
525 4445 625 4491 navitas
648 4444 781 4492 carissima
804 4457 900 4505 rerum,
961 4449 1045 4498 Quam
1059 4445 1133 4508 legis,
1148 4444 1219 4493 ande
1238 4445 1283 4493 tibi
1306 4445 1423 4494 mittatur
1436 4443 1563 4507 epistola,
1580 4453 1717 4514 quaem

206 4513 349 4575 Gratiaqsc
368 4509 460 4572 otlicio,
482 4511 551 4575 qnod
570 4526 642 4560 mora
662 4513 762 4573 tardat,
781 4513 865 4561 abest.
996 4516 1075 4572 Hinc,
1091 4515 1133 4561 ubl
1147 4515 1274 4562 caeruleis
1292 4515 1406 4575 iungitur
1423 4513 1493 4562 Ister
1509 4517 1602 4579 aquis.

172 4583 268 4632 Cetera
287 4580 405 4630 certatim
427 4579 461 4629 de
482 4595 574 4642 magno
596 4581 694 4642 scripta
708 4583 838 4643 triurnpbo
963 4586 999 4635 Ut
1013 4584 1083 4645 regio
1099 4583 1169 4631 dicta
1184 4590 1233 4643 cst,
1248 4598 1398 4632 sirccurrere
1416 4582 1497 4630 debet
1516 4592 1545 4632 et
1560 4594 1677 4654 auctor,

207 4651 262 4700 lam
282 4648 382 4711 pridem
400 4650 488 4711 populi
506 4651 683 4710 suspicarere
703 4651 763 4712 legi.
996 4653 1094 4701 Laesus
1113 4653 1145 4700 ab
1164 4652 1267 4713 ingenio
1287 4654 1356 4700 Naso
1375 4658 1452 4714 poeta
1472 4666 1529 4701 siro.

171 4719 224 4769 llla
241 4720 304 4769 bibit
319 4719 409 4768 sitiens
423 4719 513 4779 lector,
535 4733 592 4767 mes
612 4721 703 4781 pocula
721 4722 831 4782 plenus:
903 4721 936 4765 10
963 4723 1014 4774 Qui
1033 4723 1088 4781 tibi,
1102 4736 1178 4783 quarn
1194 4723 1282 4769 mallet
1301 4737 1424 4783 praesens
1439 4719 1536 4769 afferre
1556 4725 1697 4793 salutem,
1733 4732 1751 4782 0

208 4788 257 4837 llls
273 4802 366 4837 recens
388 4794 451 4850 pota
473 4793 523 4847 cst,
545 4794 633 4837 nostra
650 4790 762 4851 tepescit
774 4800 852 4850 aqua.
996 4791 1079 4839 Mittit
1098 4791 1130 4837 ab
1149 4791 1263 4851 hirsutis,
1284 4791 1399 4838 Maxime
1417 4790 1505 4849 Cotta,
1520 4790 1617 4844 Getis.

172 4856 230 4906 Non
248 4871 295 4916 ego
310 4857 418 4915 cessari,
435 4872 483 4905 nec
498 4857 560 4905 fecit
581 4858 673 4906 inertia
693 4872 797 4905 scrnm:
963 4861 1092 4917 Legimus,
1112 4860 1250 4916 cinsenis,
1269 4861 1346 4921 patrii
1363 4874 1413 4907 uon
1429 4859 1549 4920 degener
1566 4864 1637 4928 uris,

207 4923 305 4972 Ultima
324 4941 365 4974 me
384 4928 450 4974 vasti
469 4928 580 4975 sustinet
598 4941 644 4973 ora
662 4925 732 4974 freti.
999 4931 1075 4977 Dicta
1095 4928 1140 4975 tibi
1160 4931 1239 4990 pleno
1257 4931 1337 4977 verba
1355 4929 1454 4978 diserta
1472 4926 1540 4978 suro.

227 5050 293 5104 1v‚s
307 5051 505 5105 Rniiae,tibeilo;
520 5066 534 5095 e
548 5054 633 5107 glossa.
675 5052 700 5094 ts
714 5050 787 5105 uulgi.
840 5052 869 5095 11
884 5051 1009 5105 defuerint
1023 5048 1105 5092 lleins.
1120 5061 1133 5091 c
1148 5048 1198 5092 cod.
1251 5050 1279 5092 tl
1292 5051 1374 5103 gensis
1387 5049 1451 5093 codd.
1465 5048 1528 5103 piar.
1588 5054 1621 5096 00
1634 5055 1679 5099 eta
1693 5067 1751 5100 ..ι

171 5106 340 5216 {agalmia
353 5107 562 5206 „tirsi-zimino.
615 5108 643 5151 ss
655 5118 725 5163 perso
738 5106 823 5151 relicta
836 5106 882 5151 dno
895 5107 960 5152 oodsl.
1014 5107 1042 5150 10
1055 5104 1106 5148 llso
1120 5115 1274 5161 quoquam
1287 5104 1336 5149 abs.
1349 5116 1389 5148 vos
1403 5117 1447 5162 ega
1460 5104 1512 5149 ood.
1524 5104 1648 5155 Plenam
1660 5110 1749 5157 1....
