3586 5498
498 306 530 354 ι.
554 304 699 371 nprnrr
722 306 909 355 neronio
931 306 1146 356 unicornu
1170 310 1252 358 ιιι.
1277 308 1308 358 ι.
1598 288 1673 363 bnt

134 476 177 527 dle
194 477 240 527 tibi
256 491 314 527 cum
332 478 441 528 Beocblr
458 478 609 541 Satyrorum
634 492 718 543 quere
734 479 855 532 iurentur
915 480 966 531 Pro
981 481 1072 546 qnibee
1085 479 1197 532 ellirmet
1211 479 1266 532 lore
1283 496 1312 533 se
1334 497 1523 550 memoremque
1541 488 1672 553 piumque,

171 545 255 608 Adsit,
274 554 302 597 et
319 549 428 598 ettonltn
447 563 497 597 non
516 554 619 597 teceere
637 562 708 597 sono.
949 551 1010 600 Siue
1027 550 1097 601 diem
1112 550 1209 612 videet,
1229 553 1283 601 sire
1303 558 1407 616 tegetur
1430 554 1525 614 bumo;

134 616 202 666 Ome
220 615 374 680 bipenniferi
391 619 428 667 ric
445 618 497 666 rlnt
514 617 581 666 mele
599 630 688 679 presse
707 617 827 683 Lycurgi,
916 621 968 670 Per
984 627 1063 683 ceput
1080 621 1135 684 lpse
1156 634 1230 670 nuum
1246 621 1333 670 eolitur
1351 623 1440 673 iorere
1455 630 1588 690 tuumque,
1637 630 1670 678 dt

167 684 251 749 impie
269 701 317 735 nec
335 702 419 749 poene
438 685 569 735 Pentheos
588 688 677 736 umbre
696 691 779 736 secet.
855 692 889 738 dl
949 688 1025 740 Quod
1046 690 1098 739 ecio
1115 705 1165 738 non
1180 689 1217 738 illi
1234 690 1308 741 ulline
1323 704 1379 741 erre
1398 707 1453 742 sno.

132 755 176 805 bic
194 756 271 805 micet
288 762 432 816 eeterunm,
451 756 583 820 riclneqne
603 755 688 806 sidere
706 756 793 806 vincet
913 759 996 809 Piene
1010 765 1047 809 tot
1062 774 1093 808 uc
1106 760 1186 809 tentir
1204 758 1332 810 reseretur
1350 762 1434 823 gretie
1450 759 1543 822 fenim

166 824 287 888 Coniugis
305 825 330 874 ln
349 827 420 874 coelo
438 824 531 874 Creme
549 838 643 874 corone
662 833 732 874 tuee.
949 828 1004 877 Nec
1018 828 1080 879 rinit
1098 828 1141 877 iiie
1158 834 1216 877 tuor
1238 830 1297 879 litus
1315 845 1390 880 erere
1411 832 1498 880 boves.

131 894 192 944 Huc
209 895 282 952 edre,
301 900 328 943 et
344 908 419 943 cesus
435 897 545 952 releves,
564 895 744 957 pulcherrime,
761 902 870 959 nutrnr,
913 897 966 947 Fen
980 896 1055 946 mndo
1072 904 1221 947 constanter
1243 896 1376 961 prologum
1399 907 1508 959 tneere;
1530 900 1598 964 qnod
1618 901 1671 961 iile,

167 965 252 1012 Unum
270 962 304 1013 de
323 977 429 1012 numero
447 977 489 1012 me
506 978 603 1012 mernor
621 978 677 1013 erre
695 970 748 1013 tun.
948 967 999 1018 Qui
1019 968 1085 1016 bene
1102 972 1130 1017 te
1148 968 1230 1028 norit,
1246 983 1296 1017 non
1316 976 1400 1032 roget,
1421 971 1478 1033 ipse
1492 984 1563 1033 rogo.
1638 979 1670 1020 ou

131 1034 198 1083 Sunt
216 1032 254 1082 dir
273 1033 340 1081 inter
359 1046 386 1081 ee
404 1034 571 1092 nonmercie3
591 1032 697 1082 flectere
717 1039 789 1082 iente
852 1038 885 1085 dl

165 1103 320 1151 Ceesereunr
340 1117 433 1151 numen
453 1103 691 1163 numine,lleccbe,
710 1108 763 1152 tun.
1126 1065 1154 1126 E
1177 1066 1200 1125 ¹¹
1221 1066 1247 1126 E
1269 1067 1299 1128 G
1320 1070 1332 1130 l
1355 1070 1383 1130 Α
1425 1069 1462 1131 v·

131 1172 185 1221 Vos
202 1187 313 1236 quoque,
330 1178 461 1221 conrnrtes
480 1171 566 1232 studii,
584 1172 627 1235 pie
645 1172 729 1233 turbe,
747 1177 850 1237 pnetee,
911 1168 1020 1219 ennom
1035 1172 1164 1216 tunulum
1184 1165 1303 1217 dominre
1323 1168 1423 1219 Nuteliu
1441 1170 1563 1222 honorem

166 1241 241 1291 Heec
258 1241 349 1291 eedem
368 1247 469 1304 sumpto
486 1241 594 1305 quisque
610 1249 701 1302 rogote
719 1254 798 1291 mero.
945 1236 1048 1309 exigit:
1065 1236 1101 1285 ite
1116 1250 1207 1285 minii·
1218 1236 1252 1286 td
1271 1238 1314 1301 pit
1333 1253 1405 1288 tecte
1422 1254 1505 1290 mene·

131 1310 218 1374 Atque
236 1311 326 1375 uliquis
345 1317 467 1372 restrum,
486 1310 596 1360 Neronis
613 1311 716 1360 nomine
734 1309 813 1375 dicto,
909 1307 951 1356 Sic
967 1304 1096 1370 quondum
1109 1304 1204 1355 fertum
1221 1306 1338 1357 laertius
1359 1309 1442 1369 egerit
1458 1310 1534 1359 beroe

165 1381 286 1444 Deponot
302 1379 411 1430 leerimis
427 1380 519 1444 pocule
537 1381 611 1429 miete
629 1379 695 1431 eois:
851 1385 883 1429 bt
942 1376 1039 1425 Forren
1058 1375 1084 1423 in
1104 1382 1213 1424 externo
1223 1378 1339 1437 coniugis
1356 1377 1419 1426 orbe
1439 1378 1519 1429 diem.

130 1449 336 1514 Admonitaeque
352 1450 411 1510 mei,
429 1463 505 1513 quum
523 1448 734 1514 circumspexerit
751 1463 849 1512 nmner,
909 1446 1008 1507 unque
1022 1442 1114 1493 iurene
1125 1444 1202 1504 edult,
1222 1447 1354 1507 longorum
1375 1447 1454 1497 oblite
1474 1450 1615 1510 melornm;
1653 1457 1667 1499 t

164 1520 250 1580 Ilicet,
268 1518 318 1567 Ubi
336 1525 376 1568 est
393 1518 473 1568 nostri
490 1532 550 1581 perr
568 1518 644 1568 modo
663 1518 732 1567 Nero
750 1519 834 1569 clrnrit
942 1515 1027 1572 Quor,
1044 1520 1117 1577 puto,
1132 1512 1260 1564 Mididi
1274 1515 1323 1564 ¹⁸⁰¹
1339 1516 1406 1565 ΜΝ
1422 1519 1501 1567 verb·
1522 1519 1599 1582 illuni·

129 1589 212 1653 quue
229 1590 275 1648 ite,
293 1588 314 1637 sl
333 1594 444 1638 restrum
462 1588 543 1638 merui
561 1586 675 1637 cendnre
691 1586 815 1651 iunonem,
908 1582 1033 1647 Qneeque
1054 1584 1133 1631 remei
1151 1590 1205 1632 toto
1226 1584 1305 1634 vestie
1322 1585 1382 1634 miri
1394 1587 1503 1637 sumitur
1520 1603 1598 1652 enno,
1654 1634 1658 1641 .

163 1660 290 1723 Nulieque
307 1657 400 1707 iudicio
418 1659 505 1707 littere
522 1658 593 1707 leeee
611 1672 667 1707 meo
685 1664 733 1706 eet.
941 1652 1062 1701 Sumetur
1082 1649 1142 1701 letis
1157 1652 1267 1702 dircnlor
1285 1654 1343 1717 eibn
1362 1655 1434 1704 mels.

127 1728 165 1791 Si,
176 1727 379 1791 veterumdigne
394 1728 695 1793 venerorquumrcripte
711 1726 831 1791 virorem,
849 1732 881 1776 tr
907 1721 1013 1786 Araque
1026 1722 1158 1782 neminen
1179 1721 1266 1771 viridis
1285 1721 1318 1772 de
1341 1724 1456 1787 ceerpite
1478 1724 1535 1788 liet,

163 1800 284 1847 Proxime
300 1812 352 1847 nnn
370 1798 420 1847 iliis
438 1810 495 1846 erre
514 1796 610 1846 minore
629 1810 696 1847 reor.
942 1792 976 1840 El
989 1792 1057 1841 *ΕΜ
1071 1791 1172 1856 lepida
1183 1805 1252 1841 Μ·
1270 1806 1365 1851 ⁰⁰l⁰¹¹⁸
1382 1791 1460 1843 swil-
1632 1802 1665 1846 10

127 1869 170 1918 Sic
187 1869 265 1930 iqitor
282 1866 375 1917 dextro
392 1864 492 1916 iecietlr
512 1863 635 1929 Apolline
653 1879 772 1915 oermenr
906 1860 947 1910 De
963 1860 1023 1909 mibi
1043 1867 1109 1921 ture,
1125 1874 1199 1925 puer,
1214 1862 1322 1925 pinques
1336 1861 1458 1913 ΐιιὶοιιὶι
1468 1863 1595 1926 flemmer,
1655 1882 1659 1891 ·

162 1937 239 1991 Quod
256 1939 327 1999 iicet,
344 1937 412 1986 inter
430 1950 475 1984 roe
492 1948 585 1984 nornen
604 1935 698 1985 bubete
718 1948 813 1985 moun.
941 1929 1067 1994 Quodque
1081 1930 1123 1993 pio
1137 1929 1219 1979 lusum
1235 1931 1330 1981 etrldet
1342 1933 1368 1981 in
1380 1933 1440 1995 igne
1457 1948 1565 1985 merum.

906 1999 1013 2062 Optime
1029 2000 1138 2062 Netelis,
1160 2002 1276 2063 quemuis
1293 2003 1382 2064 procul
1397 2003 1525 2062 ebromus,
1551 2011 1612 2067 opio

332 2036 358 2097 E
380 2037 405 2098 ¹¹
424 2036 449 2096 Β
470 2034 498 2095 G
521 2034 532 2095 Ι
556 2036 581 2098 Α
624 2034 675 2096 'v‘
940 2068 1073 2118 Condidoe
1087 2070 1137 2119 buc
1154 2070 1252 2129 venien,
1273 2068 1452 2136 dissimilisque
1468 2087 1541 2131 men;

126 2139 213 2189 Litore
231 2139 264 2187 eb
281 2137 382 2186 Euxiuo
400 2135 510 2185 Neronie
526 2134 636 2196 epistole
653 2133 721 2191 reni,
905 2137 983 2201 bique
998 2137 1066 2201 qund
1085 2137 1196 2187 inrtebet
1209 2138 1330 2188 dominre
1350 2141 1496 2191 mirerebile
1512 2144 1613 2206 vulnus,
1633 2148 1664 2195 in

162 2209 291 2270 Lurruque
307 2204 376 2254 fecte
394 2205 467 2264 meri,
485 2206 602 2266 lenseque
620 2200 687 2251 fecte
708 2202 758 2252 rie.
940 2206 979 2255 Sit
995 2203 1131 2269 perfuncte
1143 2208 1205 2256 meir
1217 2215 1318 2271 tempor
1336 2210 1362 2257 in
1381 2224 1459 2259 omne
1477 2212 1564 2269 rueiie3

127 2277 178 2328 Qui
194 2277 252 2325 mihi
267 2275 334 2324 liene
348 2275 423 2333 dixit,
434 2275 482 2335 Tu,
497 2273 538 2321 cni
559 2273 629 2333 licet,
643 2272 749 2335 edspice
763 2273 879 2324 Romern.
905 2275 1031 2340 Qoeeqoe
1040 2275 1112 2338 mvi
1122 2290 1205 2340 nuper
1212 2277 1268 2338 plue
1276 2292 1351 2341 quern
1364 2287 1486 2341 queseete
1494 2283 1608 2343 procelle
1615 2288 1666 2345 est,

161 2346 222 2395 ileu
240 2352 336 2410 quentn
354 2345 442 2392 mellnr
458 2357 514 2392 rom
531 2348 576 2391 tue
593 2348 662 2391 rorte
678 2340 753 2391 meu!
852 2345 879 2408 [l
941 2343 1017 2396 Quod
1030 2350 1158 2409 superent,
1171 2352 1254 2394 toturn
1273 2361 1319 2409 per
1333 2362 1405 2396 mere
1417 2351 1490 2398 nenio
1505 2356 1558 2401 eet.

127 2416 205 2465 Piens
215 2429 315 2480 qnoque
325 2428 365 2462 me
373 2413 488 2475 rnrlprit;
500 2425 549 2461 nec
560 2425 611 2475 que
621 2412 749 2472 nigneber,
758 2412 791 2462 ed
802 2428 832 2462 oe
840 2421 880 2463 est
904 2412 954 2464 lile
968 2413 1052 2472 domn,
1066 2422 1178 2478 neteque
1196 2429 1251 2476 sne,
1264 2416 1398 2480 petrieqne
1410 2415 1526 2480 fruetur3

163 2485 242 2544 Ante,
259 2483 305 2533 red
324 2482 357 2532 ed
376 2481 491 2531 medidus
508 2495 609 2543 gemme
626 2482 709 2529 relete
725 2494 815 2542 genes.
928 2484 1037 2546 Erepto
1050 2484 1116 2532 been
1127 2484 1170 2533 oni
1182 2484 1215 2532 sit
1230 2485 1293 2534 retir
1312 2499 1370 2534 erre
1383 2486 1443 2534 mibi
1454 2504 1462 2547 i
1630 2494 1663 2539 20

123 2555 253 2603 Tristities
270 2567 373 2603 murem
391 2553 412 2601 ei
429 2551 485 2614 quis
501 2564 656 2613 cognoscere
673 2550 783 2616 queerlt,
903 2553 1040 2604 Quetenes
1053 2559 1082 2602 et
1097 2568 1148 2602 non
1163 2559 1203 2603 est
1216 2552 1242 2601 ln
1261 2568 1322 2603 oero
1338 2556 1446 2618 coniuge
1465 2554 1540 2621 felix,

160 2623 272 2674 Ostendi
289 2624 368 2672 rnlcm
387 2622 499 2684 postulet
517 2620 560 2669 ille
577 2620 642 2681 ribi;
937 2620 1002 2671 Pers
1014 2623 1082 2672 vitee
1099 2622 1164 2671 tristi
1177 2628 1265 2672 cetere
1278 2624 1347 2673 nube
1362 2631 1447 2675 rucei.

125 2693 181 2743 Nec
199 2692 316 2742 frondem
334 2692 359 2740 iu
378 2690 457 2751 siluis,
474 2703 522 2738 nec
539 2696 631 2752 eperto
649 2689 734 2739 mollie
750 2695 826 2754 preto
902 2691 991 2751 Vivet,
1003 2699 1124 2756 ernetque
1137 2692 1228 2752 rirnm,
1244 2694 1364 2756 qnoniam
1376 2694 1412 2742 ric
1428 2695 1537 2756 noritur,
1558 2695 1663 2760 ebsenr,

159 2762 291 2821 Gramine,
309 2774 358 2810 uec
375 2761 451 2823 pleno
468 2757 573 2808 flumine
590 2759 673 2808 ceruit
689 2773 785 2824 eqeeeq
845 2763 877 2808 lt
936 2759 1126 2825 enormeque
1145 2776 1235 2822 ennon,
1257 2761 1304 2812 sed
1318 2762 1450 2823 dintnroe,
1471 2777 1538 2813 ruor.

123 2832 193 2885 Quid
212 2832 329 2880 Priamoe
347 2829 444 2890 dolent,
461 2828 603 2887 nitebitnr,
622 2827 736 2883 Hectore
755 2834 839 2893 rupto,
901 2829 1049 2880 Adlieerern
1066 2837 1095 2879 et
1107 2838 1221 2881 nostroe:
1240 2830 1287 2880 sed
1301 2846 1334 2880 ne
1351 2833 1470 2896 contegie
1484 2831 1532 2883 feti
1627 2838 1660 2883 2⁶

158 2901 260 2951 eridve
278 2900 435 2949 Philoctetes
451 2897 516 2946 ictus
534 2897 567 2946 eb
585 2911 669 2959 enque
686 2904 782 2959 gemet.
936 2898 1107 2963 Corrumpunt
1123 2901 1210 2960 timeo,
1223 2914 1286 2964 quoe
1300 2901 1354 2964 egit
1370 2902 1436 2965 ipre,
1454 2902 1514 2951 mei.

122 2971 155 3019 Di
173 2970 289 3020 fecerent
307 2970 413 3029 utinum,
431 2967 489 3017 telle
507 2973 589 3016 utetur
607 2973 677 3016 erret
694 2967 719 3016 ln
737 2968 790 3030 itin,
901 2968 945 3017 Nil
960 2969 1164 3019 boninicurtem
1178 2976 1233 3028 eutr
1248 2969 1306 3020 beri
1327 2970 1383 3036 quir
1399 2985 1475 3034 porse
1496 2978 1610 3034 putaret,

156 3040 192 3090 Ut
210 3053 260 3089 non
279 3039 397 3089 trietitiee
414 3050 492 3087 nense
510 3035 623 3086 dolende
639 3035 715 3087 sorec
859 3072 861 3076 -
934 3038 971 3086 Ut
991 3037 1103 3089 incerere
1116 3040 1141 3089 in
1159 3039 1251 3089 mediis
1264 3041 1329 3090 ireec
1342 3054 1391 3103 eqo
1407 3054 1481 3091 neore
1495 3041 1590 3090 Getist

121 3111 184 3160 Fert
201 3117 298 3169 temen,
316 3116 345 3156 nt
361 3108 450 3165 debet,
470 3119 545 3156 ceron
562 3106 693 3169 petleuter
709 3120 823 3156 emerosr
844 3109 874 3155 ln
900 3106 1017 3170 Adspice
1031 3115 1059 3157 nt
1075 3124 1139 3159 eure
1151 3117 1238 3159 ιιιιιι
1252 3107 1335 3160 fumos
1355 3124 1369 3159 e
1385 3115 1444 3160 ture
1460 3116 1560 3161 coortoe

157 3180 230 3228 blnre
248 3193 297 3227 nee
314 3178 431 3226 indomiti
448 3173 523 3225 frene
541 3181 644 3225 recount
661 3175 728 3239 eqni.
935 3177 965 3225 ln
980 3183 1068 3240 portes
1082 3179 1162 3228 lteles
1183 3186 1211 3227 et
1228 3180 1284 3228 loce
1302 3177 1397 3228 dextre
1414 3179 1491 3229 t'eret.
1626 3184 1659 3229 tn

121 3249 177 3298 Nec
195 3246 251 3297 i'ore
269 3250 422 3310 perpetuum
437 3252 530 3307 rperet
547 3244 593 3293 ribi
611 3244 721 3293 neminie
738 3243 812 3307 iren,
898 3246 995 3295 Senror
1010 3246 1078 3296 inest
1095 3248 1171 3308 igitur
1183 3247 1293 3307 nebulis,
1311 3262 1374 3310 ques
1386 3249 1466 3311 exigit
1481 3249 1561 3311 ignis:

155 3317 279 3365 Conscius
295 3316 321 3363 lu
339 3316 415 3376 culpe
436 3328 487 3361 nnn
506 3314 589 3362 sceler
602 3327 660 3362 erre
679 3327 736 3362 sue.
933 3314 1072 3363 Consilium
1085 3314 1186 3377 fugiunt
1197 3322 1285 3365 cetere
1298 3330 1382 3377 peene
1398 3331 1492 3366 menne.

120 3386 206 3447 Seepe
222 3382 311 3444 refert,
321 3384 355 3432 rlt
367 3388 463 3446 quante
476 3381 520 3431 dei
532 3383 670 3431 clementie
680 3398 688 3441 ς
700 3382 771 3430 cuiue
898 3381 1019 3439 Concilio,
1030 3398 1164 3432 commune
1181 3398 1283 3432 secrum
1301 3398 1378 3447 quum
1399 3383 1446 3433 liet
1466 3386 1491 3433 iu
1509 3401 1555 3434 ern

155 3452 189 3502 Se
204 3468 304 3516 qnoque
322 3453 346 3500 in
365 3451 490 3511 exemplis
507 3463 678 3499 annumerere
695 3452 770 3500 uolet.
840 3453 873 3499 20
933 3451 1074 3509 Fretribnr,
1087 3452 1188 3499 elterne
1204 3451 1246 3515 qui
1258 3452 1359 3514 periere
1374 3467 1462 3515 menn,

119 3521 186 3574 Nem
201 3521 269 3586 quod
282 3536 345 3584 oper
356 3526 446 3569 teneet
463 3519 569 3581 petrier,
587 3518 654 3582 quod
669 3520 773 3568 nomine
784 3517 856 3581 eru,
897 3519 960 3583 lpse
973 3519 1022 3568 elbl
1036 3517 1142 3579 (lucore,
1158 3526 1279 3584 tenqneln
1294 3521 1431 3572 mundetur
1449 3524 1483 3572 eb
1498 3524 1557 3587 illis,
1624 3530 1657 3577 ³5

156 3593 274 3655 Denique
290 3588 357 3654 quod
374 3588 453 3647 viret,
472 3601 563 3636 munus
581 3584 678 3636 bebere
698 3586 751 3637 dei.
932 3587 1063 3638 Scinditur
1079 3589 1105 3637 in
1119 3596 1209 3653 peries
1220 3595 1278 3639 etre
1296 3588 1384 3640 fenilio
1402 3591 1475 3645 duee.

117 3664 155 3712 'l'e
172 3668 268 3721 temen,
285 3674 301 3709 o
318 3659 340 3708 ri
357 3656 418 3722 qnid
436 3656 521 3706 credie
536 3655 597 3705 nint
620 3656 711 3716 nerinr,
731 3657 785 3719 ille,
897 3658 965 3717 Hoc,
977 3658 1090 3717 memini,
1107 3658 1235 3722 quondenr
1251 3658 1308 3709 beri
1325 3674 1375 3710 non
1391 3677 1466 3724 poree
1489 3664 1623 3729 inqueber,

154 3732 288 3791 Omnibur,
305 3729 330 3778 ln
350 3733 406 3777 toto
423 3733 527 3790 pectore
544 3740 648 3787 sempm
662 3727 749 3775 bebei.
931 3727 965 3776 Et
980 3742 1021 3777 me
1040 3727 1176 3778 liettiedee
1191 3728 1274 3779 iudice
1291 3727 1371 3780 felem
1384 3738 1460 3783 eret:

117 3804 204 3866 Teque
222 3797 416 3860 Menoetieden,
437 3804 465 3846 te
478 3795 522 3861 qni
539 3794 670 3845 comiterit
689 3794 813 3860 Oresten,
838 3802 870 3847 tl
896 3796 992 3846 Omnle
1005 3811 1075 3847 nunc
1086 3797 1174 3857 medo,
1191 3814 1268 3864 quum
1278 3806 1306 3850 tu
1320 3813 1371 3849 nnn
1384 3803 1478 3851 stultos
1489 3801 1522 3851 eb
1540 3801 1621 3853 Arcto

151 3873 189 3921 'l'e
204 3876 278 3920 unoet
295 3866 425 3931 Aegiden,
445 3866 635 3930 Euryelunqne
651 3878 733 3914 sunm.
928 3866 1014 3929 Terge
1027 3881 1106 3930 repor
1121 3867 1236 3929 dederis,
1253 3869 1444 3934 Antoniumque
1460 3878 1543 3933 peter.
1621 3877 1655 3922 40

117 3940 174 3991 Nec
187 3939 296 4004 petrium
310 3939 391 4001 megin
403 3937 447 3986 ille
462 3950 532 3986 erem
547 3932 688 3994 derideret,
705 3938 733 3983 et
752 3947 820 3999 qnee
895 3934 970 3987 lieec
988 3936 1065 3999 igitur
1077 3939 1121 3986 iux
1140 3944 1196 3998 est;
1208 3952 1274 4002 queo
1288 3938 1309 3988 ri
1323 3953 1374 3988 nnn
1389 3947 1447 3990 nrte
1458 3937 1558 4004 fuisset,

153 4011 266 4059 Plurlme
279 4022 337 4057 cem
353 4007 438 4071 petrin
452 4005 531 4055 sentit
551 4007 641 4055 ebeese
662 4017 724 4064 soe3
930 4005 1008 4055 Nolle
1023 4004 1071 4056 fuit
1087 4006 1180 4056 rnieero
1194 4005 1260 4057 t‘eete
1276 4006 1390 4058 videndo
1403 4010 1473 4059 mibi.

118 4081 201 4132 Quem
220 4080 314 4138 vultus,
332 4078 469 4140 onninrqne
485 4082 552 4135 tuoe,
568 4089 583 4124 n
601 4073 699 4124 dulcior
712 4072 756 4122 illo
895 4074 985 4125 Edidit
1003 4076 1068 4125 beec
1089 4090 1173 4125 morer
1190 4077 1239 4125 illis
1254 4076 1366 4126 berniein
1385 4092 1491 4143 eeqnos,

152 4150 242 4208 Melle,
257 4145 325 4212 qood
341 4148 366 4196 ln
384 4147 450 4195 cerir
468 4144 557 4195 Attice
573 4144 645 4208 ponit
661 4141 729 4205 epiri
836 4145 869 4191 Ab
929 4144 1065 4196 (iniceret
1080 4144 1172 4194 Eetion
1186 4144 1335 4211 lcerinrque
1353 4153 1436 4210 peter.

116 4222 202 4283 Seepe
217 4218 295 4270 etiem
309 4229 427 4265 moerens
444 4219 547 4277 tempor
561 4212 731 4262 reminiscitur
746 4210 818 4275 illud,
894 4213 962 4264 Nutu
980 4213 1102 4277 pudicitie
1119 4219 1169 4273 eet,
1183 4228 1278 4275 mores,
1293 4216 1468 4280 probiterque,
1477 4216 1651 4284 fidenquerdt

151 4290 227 4342 Quod
241 4301 290 4336 uon
308 4292 476 4349 preeruntum
493 4290 575 4333 morto
594 4284 672 4333 iuirre
690 4281 771 4332 dolet.
928 4283 966 4333 At
981 4298 1031 4332 noo
1046 4285 1165 4336 nuntiete
1178 4282 1273 4346 gendie
1291 4291 1352 4334 nete
1371 4284 1432 4345 die;

116 4361 251 4422 Quomque
269 4358 312 4407 elii
331 4356 451 4417 sugerent
468 4353 568 4403 subitee
587 4352 705 4415 oontegle
727 4352 818 4417 cledis,
892 4351 945 4402 Sed
959 4353 1040 4415 lebor,
1055 4358 1082 4402 et
1094 4368 1181 4413 euree,
1198 4352 1352 4418 fortuneque
1375 4356 1487 4404 moribnn
1505 4357 1597 4421 imper,

151 4430 207 4479 Nec
226 4429 322 4477 vellent
340 4426 407 4474 lutee
424 4424 500 4471 limen
520 4422 592 4472 edire
613 4421 721 4479 domun
929 4420 1051 4487 lenteque
1070 4420 1104 4470 de
1120 4422 1197 4471 sidon
1212 4437 1297 4485 peene
1315 4426 1420 4487 querele
1438 4431 1503 4475 toro.

114 4501 152 4549 ‘l'e
168 4498 214 4547 ribi
229 4510 286 4546 oum
302 4494 388 4558 peucir
405 4493 520 4541 meminit
541 4493 664 4541 mentirer
685 4489 799 4554 fidelem,
835 4494 868 4539 tt
893 4490 996 4539 Scilicet
1012 4490 1126 4541 edrerrts
1140 4493 1254 4555 probiter
1274 4494 1389 4544 exercite
1409 4495 1487 4545 rebus

150 4568 177 4615 Si
192 4580 286 4630 pennos
300 4564 389 4628 eliqnle
407 4568 493 4611 tresue
511 4560 608 4610 dnoeve
627 4567 711 4609 vocet.
926 4561 1003 4610 Tristi
1019 4560 1150 4610 meterienr
1165 4567 1280 4624 tempore
1292 4563 1375 4612 lendin
1388 4565 1474 4613 bebet.
1615 4569 1648 4613 bb

115 4637 239 4689 ernmvir
251 4634 384 4691 ettonitur,
398 4632 478 4681 eenrit
492 4637 578 4679 temen
597 4630 698 4690 omnie;
721 4642 771 4678 nec
789 4634 815 4677 te
892 4629 919 4678 Si
935 4630 996 4677 nibil
1010 4628 1097 4679 infesti
1116 4629 1196 4682 duros
1215 4631 1322 4681 uidisset
1336 4632 1436 4693 Ulixes,

149 4706 183 4756 se
202 4705 285 4754 minor
296 4702 411 4751 edverrls
429 4700 568 4750 indoluieee
586 4699 646 4747 sule.
927 4698 1059 4760 Penelope
1074 4698 1147 4760 felix,
1163 4699 1210 4749 red
1221 4701 1276 4752 sine
1298 4701 1385 4761 lende,
1408 4700 1485 4751 i'nret.

115 4778 203 4826 Verbe
218 4776 292 4830 roiet,
308 4774 454 4835 vultumque
470 4776 551 4823 tunm,
565 4768 724 4830 gemiturque
741 4764 849 4826 reterre,
892 4768 980 4817 Victor
993 4768 1128 4818 liublonier
1146 4770 1167 4817 ei
1187 4770 1227 4819 vir
1238 4776 1404 4833 penetreeset
1420 4772 1445 4821 in
1466 4784 1551 4834 ercet,

150 4847 184 4895 Et
206 4852 231 4893 te
254 4841 334 4892 flente
350 4855 408 4887 nuos
426 4838 587 4888 demndols'ee
611 4838 690 4897 siuns,
832 4839 865 4885 nu
924 4836 1042 4888 Foreltee
1056 4837 1181 4888 lisednen
1202 4840 1244 4888 rie
1266 4855 1311 4890 ιιι
1331 4847 1418 4890 nosset
1432 4841 1532 4890 liumus.

114 4917 197 4968 Qnern
215 4914 261 4962 sibi
280 4909 448 4975 praestiteris,
469 4922 518 4971 que
540 4907 684 4955 consoletur
704 4905 812 4955 emlnnm
890 4906 975 4958 Quum
987 4906 1060 4957 Pelle
1073 4912 1112 4956 tot
1123 4908 1175 4957 rint
1191 4911 1304 4972 qenitee,
1315 4924 1361 4959 eur
1374 4909 1465 4959 nobilis
1477 4923 1527 4958 ιιι
1539 4913 1596 4961 esti
1614 4915 1646 4960 ib

147 4986 189 5037 Sir
204 4998 264 5049 ope,
277 4979 397 5030 uniendos
415 4992 472 5027 ιιιι
489 4976 562 5025 simui
575 4976 632 5039 ipse
649 4971 727 5026 furer.
924 4975 1013 5040 iinpte
1028 4974 1078 5027 init
1088 4977 1181 5028 misero
1195 4992 1289 5043 nempe
1303 4977 1371 5043 quod
1390 4992 1441 5029 nne
1461 4979 1523 5029 rien.
1580 5030 1585 5043 ,

165 5152 193 5199 ⁴2
206 5150 272 5197 ,pm
285 5160 366 5193 mn.
380 5142 444 5189 redd.
457 5146 553 5201 prester
566 5152 605 5186 ne.
644 5140 672 5187 il
685 5141 719 5183 ele
732 5152 829 5193 nemer,
841 5150 856 5184 e
869 5140 1014 5196 rte-enm
1038 5140 1129 5197 'lm
1197 5140 1240 5183 3⁰⁸
1251 5134 1325 5189 AM·-
1362 5144 1394 5191 Ω
1405 5090 1656 5227 Q*

113 5202 201 5252 delere.
240 5204 269 5259 l’,
282 5206 296 5248 b
310 5208 451 5248 euentum.
490 5194 879 5255 multarentur-equote
891 5196 1094 5246 liet-‚em
1174 5196 1326 5267 ΜΝ,
1349 5256 1376 5275 ,,,
1404 5266 1409 5275 ,
1458 5194 1678 5279 {ssffl,uure
