3586 5498
172 246 246 316 850
527 273 571 319 ·r.
597 273 742 320 orror:
767 274 950 320 aaronis
984 272 1173 320 smonura
1210 272 1290 318 ura.
1314 273 1337 319 u

175 442 212 494 s:
227 459 297 494 nune
312 443 422 493 sustinul
441 446 555 509 raptisa
574 443 661 493 {route
682 444 782 506 capillis
952 446 1037 497 Quum
1050 444 1117 494 bene
1134 445 1243 495 ddectis
1264 445 1387 507 proraiam
1411 445 1542 508 spectabis
1558 448 1658 512 ocellis,

210 515 320 562 Ferreus
338 515 463 576 ingenuas
480 527 565 574 ungue
586 519 677 563 notare
692 529 782 575 genas.
894 519 927 565 10
986 515 1118 565 Quantum
1131 517 1238 579 quisque
1253 512 1330 576 ierat,
1352 515 1530 576 respiciendae
1551 520 1612 568 erit.

176 583 288 634 Adstitit
302 585 345 632 illa
359 598 456 643 amens,
475 585 533 633 albo
551 589 578 631 et
597 583 653 631 sine
668 585 793 644 sauguine
811 585 893 647 saltn,
952 584 1069 633 Forsitan
1082 585 1239 642 immundae,
1253 585 1327 633 Tatio
1346 590 1482 645 regnante,
1499 584 1612 637 Sabinae

210 654 362 702 Caeduntur
387 652 471 701 Pariis
484 653 569 718 qualia
586 668 649 701 saxa
671 653 745 714 iugis.
988 653 1126 702 Noluerint
1143 655 1241 703 habiles
1254 655 1370 716 pluribus
1384 667 1441 703 esse
1458 654 1527 703 siris.
1677 661 1715 708 ao

175 723 314 772 Exanimes
331 729 403 771 artus
428 728 456 770 et
473 724 588 771 membra
607 723 745 771 trementia
762 722 825 784 ridi,
954 722 1029 771 Nunc
1044 723 1115 772 Mara
1137 726 1251 773 externis
1270 725 1367 773 animos
1383 728 1489 771 exercet
1503 724 1529 773 in
1546 724 1641 786 aurula:

208 792 244 840 lit
261 808 337 856 quum
356 794 481 854 populeas
501 792 613 840 ventilat
632 806 696 840 aura
710 807 814 852 comas:
986 793 1023 841 At
1037 792 1126 841 Venus
1145 793 1253 842 Aeneae
1271 798 1363 854 regnat
1387 793 1412 840 in
1432 793 1495 840 urbe
1516 792 1563 841 sui.

174 862 211 911 Ut
225 863 276 909 leni
292 862 412 925 Zephyro
429 861 530 922 gracilis
549 861 666 909 vibratur
689 862 798 920 arundo,
896 866 927 911 11
953 861 1057 921 Ludite,
1081 860 1220 911 formosae!
1237 869 1309 911 casta
1325 870 1374 922 est,
1391 876 1468 925 qnam
1482 876 1557 910 nemo
1571 863 1693 925 rogarit:

208 932 346 991 Summave
359 946 436 994 quum
460 931 548 992 tepido
571 931 705 991 stringitur
727 932 797 979 unda
816 931 893 980 Noto.
989 929 1053 991 Aut,
1072 933 1093 979 si
1111 933 1240 980 rusticitas
1256 946 1304 980 non
1324 937 1405 991 vetat,
1424 932 1480 993 ipsa
1505 939 1589 994 rogat.

174 1001 373 1064 Suspensaeque
392 1000 437 1049 diu
457 1001 578 1048 lacrimae
597 999 697 1048 fluxere
716 1014 764 1061 per
777 1014 832 1062 ora,
954 1000 1010 1048 1111
1024 1015 1134 1064 quoque,
1153 1016 1215 1064 quas
1233 999 1324 1049 frontis
1338 1015 1413 1061 rugas
1424 1001 1449 1048 iu
1466 1002 1563 1049 vertice
1574 1005 1714 1065 portanda

211 1071 332 1120 Qualiter
355 1069 455 1117 abiecta
479 1069 513 1118 de
530 1070 589 1116 nire
612 1074 701 1117 manat
716 1084 792 1132 aqua.
990 1070 1105 1118 Excute:
1126 1071 1160 1118 de
1176 1071 1245 1132 rugia
1261 1070 1367 1119 crimina
1391 1071 1471 1118 multa
1483 1069 1588 1121 cadent.

173 1141 247 1190 Tunc
265 1140 313 1201 e'go
327 1154 368 1187 me
381 1140 490 1201 primum
509 1140 584 1202 coepi
597 1139 694 1186 sentire
707 1146 860 1187 nocentem:
955 1139 1087 1200 Penelope
1103 1141 1223 1188 iuvenum
1237 1141 1302 1188 vires
1319 1140 1437 1187 tentabat
1458 1139 1484 1187 in
1499 1154 1575 1189 aron:

211 1209 320 1269 Sanguis
334 1216 410 1256 erant
425 1209 556 1268 lacrimae,
572 1223 635 1272 quas
647 1208 727 1256 dabat
740 1210 793 1266 iila,
807 1223 887 1256 mens.
896 1212 929 1257 dt)
990 1208 1041 1259 Qui
1057 1211 1124 1257 latus
1139 1216 1270 1271 argueret,
1283 1223 1390 1257 corneus
1409 1222 1483 1256 arcus
1498 1215 1565 1258 erat.

174 1280 227 1329 Ter
239 1283 324 1327 tamen
339 1283 402 1326 ante
424 1279 506 1339 pedes
524 1278 592 1326 volui
612 1280 781 1340 procumbere
801 1280 930 1341 supplex:
955 1277 1063 1326 Labitur
1080 1281 1189 1339 occulte,
1202 1277 1320 1341 fallitque
1334 1278 1442 1326 volatilis
1459 1285 1541 1339 aetas,

209 1349 260 1396 Ter
273 1345 426 1396 formidatas
441 1347 538 1409 repulit
552 1348 596 1396 illa
619 1362 718 1396 manus.
991 1347 1026 1394 Ut
1038 1349 1108 1396 celer
1123 1348 1240 1397 admissis
1256 1349 1351 1396 labitur
1364 1347 1446 1395 amnis
1459 1348 1540 1411 aquis.
1681 1352 1715 1398 10

176 1417 215 1469 A:
232 1423 258 1464 tu
277 1432 310 1465 ue
329 1416 429 1476 dubita,
451 1418 550 1465 minuet
572 1417 686 1466 vindicta
703 1416 828 1476 dolorem,
957 1415 1029 1464 Aera
1050 1417 1135 1465 nitent
1156 1432 1220 1478 usu,
1240 1417 1318 1465 vestis
1334 1418 1400 1465 bona
1416 1417 1518 1481 quaerit
1534 1415 1642 1478 baberi:

211 1485 332 1534 Protinus
356 1487 380 1534 in
399 1488 486 1534 vultus
508 1487 635 1547 unguibus
660 1487 697 1534 ire
715 1500 794 1534 meos.
991 1485 1139 1535 Canescunt
1160 1488 1227 1548 turpi
1249 1492 1319 1535 tecta
1336 1487 1426 1535 relicta
1448 1486 1515 1534 situ:

177 1554 234 1605 Nec
254 1555 346 1603 uostris
359 1556 449 1616 oculis,
468 1570 515 1603 nec
533 1557 626 1602 nostris
647 1570 725 1617 parce
746 1554 861 1617 capillis:
898 1558 931 1604 01
956 1556 1059 1616 Forma,
1075 1555 1123 1603 nisi
1143 1556 1275 1618 admittas,
1294 1557 1363 1603 nullo
1389 1561 1530 1603 exercente
1550 1553 1679 1616 senescit:

212 1625 362 1675 Quamlibet
383 1624 497 1673 infirmas
519 1625 629 1674 adiuvet
640 1627 679 1673 ira
694 1639 793 1673 manus.
992 1624 1048 1672 Nec
1058 1626 1120 1673 satis
1134 1625 1242 1674 effectus
1257 1640 1323 1673 uuus
1335 1633 1364 1673 et
1375 1627 1442 1672 alter
1455 1625 1566 1672 babent:

177 1694 251 1744 Neve
270 1695 321 1744 mei
334 1694 439 1742 sceleris
455 1701 508 1743 tam
533 1695 616 1743 tristia
637 1695 710 1756 signa
724 1692 864 1756 supersint,
958 1693 1060 1742 Certior
1075 1709 1090 1742 e
1110 1695 1203 1756 multis,
1220 1709 1269 1743 nec
1282 1701 1334 1742 tam
1347 1694 1481 1754 invidiosa,
1497 1693 1589 1755 rapina
1604 1698 1660 1752 est:
1681 1696 1715 1740 11

213 1763 285 1814 Pone
307 1764 490 1826 recompositas
514 1763 539 1813 in
559 1765 670 1813 statione
691 1778 785 1814 comas.
992 1762 1075 1811 Plena
1090 1764 1160 1812 venit
1173 1764 1243 1812 canis
1262 1764 1295 1813 de
1315 1777 1392 1825 grege
1407 1762 1506 1825 praeda
1522 1763 1597 1824 lupis.

960 1830 1044 1880 Ecce!
1061 1833 1187 1896 quidiste
1204 1842 1262 1881 tuus
1277 1841 1382 1895 praeter
1401 1847 1469 1881 nova
1490 1832 1606 1880 carmina
1622 1837 1699 1881 rates

360 1901 388 1962 Ε
408 1901 435 1962 L
455 1901 482 1961 Ε
504 1900 533 1961 G
554 1900 567 1963 1
588 1901 616 1963 Δ
657 1899 739 1963 wll,
994 1902 1101 1951 Donati
1123 1904 1244 1950 amatoris
1261 1904 1340 1951 millia
1362 1903 1534 1963 multaleges.

960 1971 1020 2034 Ipse
1036 1970 1100 2018 dens
1118 1979 1215 2032 vatum,
1231 1973 1300 2034 palla
1318 1972 1465 2033 spectabilis
1479 1985 1568 2032 aurea,

177 2036 226 2087 Est
242 2036 369 2100 quaedam
388 2038 554 2102 (quicumque
576 2037 648 2086 volet
665 2049 819 2097 cognoscere
839 2036 934 2095 lenam,
992 2041 1100 2088 Tractat
1114 2041 1248 2089 inauratae
1267 2055 1379 2089 consona
1392 2040 1435 2088 iila
1451 2043 1531 2103 lyrae.
1681 2043 1717 2088 00

216 2105 330 2156 Audiat!
342 2106 369 2170 );
389 2113 430 2155 est
446 2107 583 2171 quaedam,
599 2106 702 2154 nomine
716 2106 819 2167 Dipsas,
842 2119 917 2155 anns.
960 2109 1011 2161 Qui
1024 2110 1105 2169 dabit,
1121 2111 1164 2159 ille
1179 2111 1223 2159 tibi
1238 2126 1329 2173 magno
1344 2112 1376 2159 sit
1392 2112 1473 2159 maior
1486 2110 1616 2159 Homero:

180 2176 221 2225 Ex
234 2189 263 2224 re
277 2189 369 2224 nomen
387 2176 480 2226 babet:
496 2173 561 2237 nigri
577 2190 627 2224 non
649 2176 694 2223 illa
711 2181 847 2237 parentem
995 2179 1081 2228 Crede
1102 2181 1171 2237 mibi,
1186 2194 1228 2229 res
1244 2187 1285 2229 est
1298 2182 1429 2241 ingeniosa
1446 2181 1519 2229 dare.

214 2246 360 2294 Memnonis
378 2246 404 2295 in
423 2247 502 2299 roseis
520 2245 604 2294 sobria
620 2245 686 2294 vidit
707 2244 788 2308 equis.
961 2248 1017 2297 Nec
1033 2255 1069 2308 tn,
1093 2250 1184 2313 siquis
1205 2252 1254 2298 erit
1273 2252 1366 2313 capitis
1382 2248 1502 2297 mercede
1520 2249 1681 2311 redemptus,

180 2315 230 2364 llla
243 2330 330 2377 magas
351 2320 430 2375 artes,
449 2315 591 2379 Aeaeaque
607 2314 720 2363 carmina
738 2315 819 2373 norit,
918 2316 934 2361 1
995 2318 1120 2381 Despice:
1140 2321 1240 2381 gypsati
1253 2322 1349 2369 crimen
1366 2321 1441 2368 inane
1459 2318 1543 2381 pedis.

215 2385 297 2449 lnque
312 2392 392 2448 caput
408 2385 514 2448 rapidas
533 2392 591 2434 arte
610 2391 732 2433 recurrat
746 2397 836 2447 aquas.
960 2384 1038 2436 'Nec
1056 2394 1081 2435 ta
1100 2388 1232 2449 decipiant
1253 2391 1349 2438 veteris
1373 2388 1536 2452 quinquatria
1550 2400 1645 2435 cerae:
1681 2391 1718 2436 00

179 2455 235 2504 Scit
249 2456 323 2514 bene,
339 2455 401 2518 quid
420 2469 535 2516 mamea,
550 2454 611 2518 quiri
629 2459 696 2501 torto
713 2454 815 2501 concita
829 2449 935 2501 rhombo
994 2457 1066 2504 Tolle
1082 2463 1139 2504 tuos
1154 2464 1247 2519 tecum,
1264 2472 1365 2520 pauper
1380 2465 1490 2516 amator,
1507 2472 1577 2505 aros.

214 2524 294 2582 Licin,
309 2523 371 2586 quid
389 2527 476 2572 valeat
493 2524 562 2571 uirus
576 2522 686 2569 amantis
707 2535 799 2584 equae.
961 2525 1022 2585 Qui,
1036 2526 1095 2589 quia
1113 2527 1220 2588 pulcher
1234 2528 1292 2584 erit,
1310 2533 1399 2589 poscet
1412 2526 1468 2574 sine
1483 2540 1590 2574 munere
1604 2531 1719 2589 nocuas,

179 2593 265 2642 Quum
280 2592 368 2652 voluit,
383 2599 437 2640 toto
452 2594 627 2652 glomerantur
641 2590 728 2637 nubila
745 2591 832 2647 coeto:
996 2593 1072 2645 Quod
1086 2591 1140 2654 det,
1157 2601 1298 2643 amatorem
1314 2595 1415 2656 flagitet
1435 2602 1496 2644 ante
1511 2609 1594 2644 saum.

217 2662 303 2711 Quum
324 2660 413 2723 uoluit,
438 2675 503 2723 puro
523 2657 606 2720 fulget
624 2660 650 2707 iu
664 2659 726 2707 orbe
736 2659 801 2710 dics.
904 2660 936 2705 10
962 2663 1070 2712 Parcius
1086 2664 1183 2724 exigito
1200 2665 1321 2726 pretium,
1337 2666 1397 2714 dum
1413 2667 1480 2714 retia
1501 2665 1596 2727 tendis,

182 2731 323 2791 Sanguine,
347 2729 368 2777 si
391 2729 533 2794 quafides,
552 2729 677 2777 stillantia
695 2722 867 2788 staurarium
996 2731 1037 2780 Ne
1054 2731 1173 2796 fugiant:
1199 2741 1288 2797 captos
1304 2736 1404 2797 legibus
1421 2750 1468 2783 ure
1487 2735 1545 2783 tois.
1644 2753 1646 2758 ·
1682 2736 1719 2782 10

216 2800 368 2862 Purpureus
385 2798 474 2847 Lunae
495 2799 619 2860 sanguine
632 2799 718 2846 vultus
736 2803 801 2850 erat.
962 2801 1019 2851 Nec
1033 2803 1121 2853 nocuit
1137 2804 1271 2851 simulatus
1285 2819 1375 2855 amor:
1398 2806 1453 2852 sine
1476 2804 1568 2854 credat
1581 2803 1681 2861 amari:

181 2868 260 2919 Hanc
276 2865 324 2930 eg'o
336 2874 475 2917 nocturnas
490 2881 590 2917 versam
612 2867 720 2916 volitare
735 2883 783 2930 per
799 2870 903 2921 umbras
997 2871 1049 2921 Serl
1068 2885 1141 2932 cave,
1157 2887 1190 2920 ue
1205 2873 1285 2933 gratis
1303 2874 1344 2923 bic
1360 2875 1405 2923 tibi
1420 2879 1521 2922 constet
1538 2885 1618 2922 amor.

217 2939 347 3000 Suspicor,
362 2943 390 2986 et
406 2939 494 3000 pluma
510 2951 603 3000 corpus
619 2936 687 2985 anile
705 2938 766 2999 tegi.
962 2940 1048 3003 Saepe
1065 2955 1132 3001 nega
1146 2948 1251 2990 noctes:
1270 2944 1361 3005 capitis
1378 2943 1453 2993 modo
1470 2942 1539 3004 finge
1550 2940 1681 3001 dolorem:

182 3006 325 3070 Suspicor3
357 3013 385 3057 et
408 3005 477 3057 lama
499 3013 549 3057 est.
593 3006 682 3056 Oculis
711 3022 814 3072 quoqne
839 3009 938 3072 pupula
999 3010 1034 3057 Et
1049 3010 1133 3070 modo,
1151 3026 1217 3074 quae
1236 3026 1327 3061 causas
1345 3015 1480 3075 praebeat,
1502 3013 1551 3060 isis
1566 3013 1625 3062 erit.

607 3074 704 3138 duplex
906 3081 937 3127 11
963 3081 1026 3129 Mox
1043 3081 1140 3141 recipe,
1157 3083 1293 3130 utnulluns
1306 3082 1423 3144 patiendi
1444 3083 1547 3143 colligat
1566 3095 1648 3145 11111,
1683 3083 1716 3129 11

218 3143 358 3203 Fulminat,
371 3150 399 3194 et
414 3145 515 3208 gemino
526 3146 612 3195 lumen
629 3147 662 3194 ab
676 3147 737 3194 orbe
754 3145 835 3196 venit.
999 3150 1073 3197 Neve
1090 3150 1248 3198 relentescat
1265 3164 1344 3213 saepe
1359 3153 1476 3215 repulsus
1492 3166 1573 3202 amor.

182 3214 282 3265 Evocat
304 3215 417 3278 antiquis
434 3231 542 3279 proavos
563 3221 704 3278 atavosque
724 3215 865 3279 sepulcris:
963 3217 1049 3267 Surda
1063 3218 1097 3266 sit
1112 3220 1198 3267 oranti
1216 3229 1261 3268 tua
1276 3220 1362 3281 iauua,
1383 3223 1442 3269 laxa
1457 3220 1570 3281 serenti:

219 3284 253 3331 Et
268 3283 374 3334 solidam
401 3286 475 3348 longo
499 3285 611 3334 carmine
626 3283 703 3334 findit
720 3285 835 3336 humum.
1001 3287 1100 3336 Audiat
1116 3288 1214 3336 exclusi
1229 3290 1308 3337 verba
1324 3296 1444 3352 receptus
1459 3305 1558 3339 amans.

182 3353 258 3404 Haec
281 3354 329 3403 sibi
341 3356 475 3419 proposuit
492 3357 618 3405 thalamos
635 3360 762 3403 temerare
779 3355 904 3419 pudicos:
965 3359 1007 3417 Et,
1022 3356 1094 3419 quasi
1112 3357 1182 3406 laesa
1199 3359 1278 3420 prior,
1295 3374 1477 3424 nonnunquam
1501 3360 1614 3410 irascere
1628 3360 1716 3408 laeso:

218 3423 275 3472 Nee
289 3429 376 3472 umen
403 3426 503 3488 eloquio
528 3426 615 3486 lingua
629 3430 739 3473 nocente
754 3431 836 3475 caret.
905 3430 939 3475 10
998 3426 1131 3475 Vauescat
1144 3427 1221 3490 culpa
1243 3429 1320 3490 culpa
1338 3443 1448 3492 repensa
1467 3437 1521 3479 tua.
1684 3431 1717 3475 00

183 3491 248 3541 Eors
260 3505 300 3539 me
316 3494 427 3541 sermoni
444 3500 536 3543 testem
551 3493 640 3543 dedit:
662 3493 707 3542 illa
721 3494 843 3544 mouebat
963 3494 1017 3545 Sed
1027 3510 1163 3561 uunquam
1181 3497 1284 3547 dederis
1307 3500 1447 3562 spatiosum
1475 3507 1576 3562 tempus
1593 3497 1619 3548 iu
1635 3497 1718 3546 iram:

218 3560 307 3618 Talia:
325 3576 367 3609 me
383 3562 500 3624 duplices
514 3564 650 3611 occuluere
665 3560 746 3611 lorea:
999 3566 1084 3627 Saepe
1099 3567 1243 3616 simultates
1265 3568 1303 3616 ira
1320 3576 1419 3618 morata
1435 3568 1507 3618 facit.

185 3629 240 3679 Scia
259 3630 321 3677 lrere
341 3636 377 3689 te,
390 3645 448 3678 mea
461 3632 515 3692 lux,
528 3631 614 3679 iuveni
631 3631 759 3692 placuisse
776 3630 869 3682 beato:
965 3635 1034 3687 Quin
1051 3635 1131 3685 etiam
1152 3636 1255 3686 discant
1271 3639 1338 3688 oculi
1359 3639 1494 3687 lacrimare
1513 3633 1614 3692 coacti:

221 3697 324 3757 Haesit,
337 3704 366 3747 et
382 3699 407 3746 ln
423 3701 495 3747 rultn
510 3699 624 3748 constitit
645 3714 724 3763 usque
740 3705 793 3749 tuo.
999 3705 1032 3752 Et
1048 3702 1147 3756 iaciant
1160 3706 1225 3756 udas
1243 3707 1288 3755 illa
1305 3708 1347 3755 rel
1358 3707 1402 3754 illa
1414 3720 1503 3767 genas.

185 3765 221 3815 Et
232 3767 272 3815 cul
286 3776 336 3814 nou
349 3767 548 3827 placeastuulli
559 3773 603 3815 tna
617 3765 699 3816 {orma
714 3766 828 3817 secunda
840 3774 938 3832 est32t
965 3775 1030 3834 Nec,
1045 3773 1065 3823 si
1082 3789 1159 3838 quem
1184 3775 1267 3835 falles,
1285 3781 1312 3822 tu
1327 3775 1462 3835 periurare
1478 3772 1584 3819 timeto:
1682 3772 1717 3817 01

219 3835 265 3884 Me
282 3834 415 3886 miseram!
433 3836 525 3898 dignus
536 3850 642 3898 corpore
659 3838 744 3886 cultus
759 3839 842 3889 abest.
999 3843 1154 3894 Commodat
1167 3845 1192 3893 in
1212 3845 1282 3892 lusus
1297 3842 1401 3890 numina
1419 3840 1497 3889 surda
1514 3839 1614 3888 Venus.

185 3904 249 3956 usn
266 3902 329 3954 tsux
346 3920 425 3967 esses,
438 3920 518 3971 quam‘
529 3905 717 3967 formosissima,
741 3907 850 3957 sellem:
964 3913 1069 3975 Servus,
1086 3920 1114 3961 et
1130 3912 1165 3962 ad
1180 3918 1268 3975 partes
1283 3912 1371 3959 sollcrs
1387 3911 1489 3969 ancilla,
1515 3916 1650 3972 parentur,

221 3975 278 4024 Non
297 3990 354 4038 ego,
370 3982 396 4024 te
416 3974 487 4026 faeta
512 3976 601 4038 divite,
618 3990 717 4039 pauper
739 3991 792 4027 ero.
999 3982 1050 4031 Qui
1065 3981 1186 4043 doceant,
1202 3986 1264 4042 apte
1281 3979 1342 4043 quid
1362 3979 1407 4028 tibi
1418 3980 1506 4041 'possit
1521 3979 1580 4028 emi.

186 4042 270 4093 Stella
287 4045 332 4094 tibi
350 4046 461 4108 oppositi
480 4047 567 4096 nocuit
588 4046 717 4095 contraria
735 4045 837 4096 Martis.
966 4053 999 4100 Et
1010 4051 1057 4099 albi
1072 4065 1155 4112 pauca
1173 4055 1280 4110 rogent:
1301 4050 1394 4096 multos
1411 4050 1432 4096 si
1448 4064 1531 4112 pauca
1546 4049 1685 4111 rogabunt,

222 4113 294 4162 biars
308 4114 388 4162 abiit:
407 4114 478 4177 signo
499 4112 568 4166 nun²c
588 4115 678 4164 Venus
704 4125 767 4180 apta
784 4123 837 4165 tuo.
907 4121 939 4165 10
1000 4120 1139 4168 Postmodo
1165 4119 1199 4167 de
1221 4118 1317 4180 stipula
1341 4118 1446 4179 grandis
1467 4134 1574 4168 aceruus
1591 4118 1649 4167 erit.
1685 4121 1719 4166 00

187 4181 274 4234 Prosit
286 4189 315 4232 ut
336 4182 487 4245 adveniens,
507 4184 554 4234 en!
575 4185 698 4247 adspice:
717 4186 789 4236 diues
807 4190 906 4235 amator
965 4191 1000 4238 Et
1016 4203 1095 4248 soror,
1111 4193 1138 4236 et
1153 4194 1246 4246 mater,
1257 4188 1455 4253 nutrixquoque
1467 4194 1558 4251 carpat
1573 4194 1718 4237 amantem:

221 4253 259 4301 're
278 4251 366 4314 cupit;
385 4258 413 4302 et
431 4267 519 4317 curae,
537 4254 599 4318 quid
619 4255 664 4302 tibl
679 4255 755 4314 desit,
783 4256 871 4304 babet.
998 4258 1042 4307 Pit
1059 4258 1111 4306 cito
1132 4271 1180 4318 per
1196 4258 1290 4305 multas
1307 4258 1406 4319 pracda
1424 4260 1508 4320 petita
1523 4272 1622 4306 manus.

188 4321 238 4370 Est
251 4321 330 4369 etiam
351 4321 440 4382 iacies,
458 4338 524 4386 quae
549 4337 577 4370 se
593 4324 639 4371 tibi
659 4333 800 4386 comparet,
816 4325 870 4374 iili:
965 4329 1050 4379 Quum
1066 4332 1092 4375 te
1111 4325 1235 4375 deficient
1251 4326 1373 4388 poscendi
1392 4343 1497 4376 munera
1516 4341 1620 4390 causae,

224 4392 251 4439 Si
271 4396 295 4438 te
311 4405 361 4439 non
383 4398 496 4454 emptam
513 4393 601 4454 vellet,
623 4393 747 4442 eruendus
770 4400 836 4445 erat.
999 4396 1118 4444 Natalem
1136 4396 1187 4444 libo
1206 4396 1345 4445 testificare
1363 4402 1445 4446 tuum.

188 4460 308 4510 Erubuit.
327 4460 410 4509 Decet
425 4462 483 4510 alba
493 4461 595 4526 quidem
612 4461 695 4523 pudor
704 4477 749 4511 ora
756 4481 766 4515 ,ι
783 4465 829 4514 sed
841 4464 900 4528 iate,
908 4468 939 4513 11
965 4465 1005 4514 Ne
1023 4478 1127 4514 securus
1152 4473 1233 4527 amet,
1255 4468 1322 4514 nullo
1341 4466 1431 4528 rivale,
1448 4471 1554 4514 caueto:
1688 4468 1721 4513 01

224 4531 251 4580 81
269 4530 381 4593 simulas,
398 4530 520 4594 prodest:
538 4544 615 4580 serus
632 4530 722 4581 obesse
743 4535 818 4583 solet.
1000 4535 1057 4584 Nou
1072 4536 1149 4598 bene,
1166 4536 1187 4585 si
1211 4537 1284 4585 tollas
1305 4537 1413 4598 proelia,
1430 4536 1509 4585 durat
1525 4547 1606 4582 amor.

244 4682 331 4747 111101
346 4683 437 4726 nstitit
451 4683 517 4739 situs
530 4682 566 4726 ed.
579 4683 694 4739 princeps.
733 4686 797 4744 vm,
811 4687 837 4732 11
850 4687 978 4743 gemianus
1018 4687 1045 4731 11
1058 4687 1102 4731 albi
1116 4686 1264 4747 proponimus
1277 4688 1396 4742 negotium
1410 4689 1512 4730 cremat.
1551 4686 1579 4729 15
1592 4684 1723 4728 01111111.

190 4742 268 4834 gitti
280 4749 347 4781 ¹¹¹¹·-
392 4738 444 4782 “t
461 4768 467 4781 ·
480 4738 506 4782 Si
516 4750 599 4820 7⁸5¹?
615 4737 702 4783 sauma
716 4747 799 4796 poetae
813 4754 912 4796 mauu,
925 4742 1043 4810 lerlqaime
1057 4743 1209 4798 cogitationes
1223 4749 1249 4786 et
1262 4743 1317 4808 aine
1328 4742 1416 4810 ordine·
1425 4741 1542 4797 putandus
1555 4746 1593 4784 eat
1605 4738 1723 4806 effudisse.

223 4798 270 4834 aaut
282 4791 312 4836 11,
326 4792 404 4836 Bura.
418 4805 448 4848 qu
471 4800 580 4838 mnreort.
594 4805 654 4849 quse
667 4815 695 4826 -
706 4803 814 4851 portant,
826 4803 854 4840 ut
867 4803 953 4840 sanate
966 4804 998 4842 art
1012 4800 1130 4840 examino.
1163 4797 1199 4840 111
1213 4801 1352 4841 sententiar.
1365 4797 1469 4842 ordinem
1484 4797 1588 4852 egregie.
1617 4793 1723 4838 11111111

190 4847 836 5002 :intulititlituuttrqttittttiz
847 4851 1723 4976 tramittunt”ltiliittttltiitlttttt

190 4956 634 5065 :rusticitiusmuriz.
647 4962 763 5069 mut:
774 4962 898 5062 luti.
921 4959 1723 5073 :linium·::::‘:::!::::.!u.·:::.nu:2:c

191 5063 256 5106 loeus
270 5066 404 5110 emeuslatns
418 5067 487 5111 loros.
513 5069 579 5113 luter
591 5068 764 5116 emendationes
778 5074 852 5129 intpp.
864 5072 936 5128 plena
949 5077 1015 5117 atria
1035 5071 1064 5115 ad
1077 5085 1170 5116 masura
1184 5073 1321 5126 verissima,
1340 5074 1369 5119 arl
1384 5084 1462 5116 souun
1477 5078 1503 5115 et
1517 5071 1618 5113 litterar.
1633 5068 1723 5124 ductus,

192 5125 217 5160 at
232 5119 282 5171 ipra
294 5120 365 5164 raldo
376 5121 533 5176 improbabilia
546 5131 589 5169 est
630 5125 656 5168 11
675 5124 756 5178 Ouidi
768 5129 824 5186 qaia
839 5149 864 5161 -
877 5129 986 5174 1111111
999 5129 1080 5175 Earn.
1092 5140 1107 5173 s
1120 5125 1169 5174 111.
1202 5128 1232 5172 01
1246 5127 1330 5174 illesis.
1365 5130 1393 5174 01
1405 5126 1492 5173 1111111
1503 5125 1586 5170 1111111
1600 5122 1631 5169 ad
1643 5131 1725 5182 partes

192 5173 302 5228 agrarias.
342 5177 369 5220 10
382 5175 455 5220 malti
466 5177 488 5222 11
500 5191 581 5235 paura.
596 5178 667 5225 stat
1017 5184 1028 5206 ⁴
