3586 5498
391 296 424 344 0.
447 296 593 345 nvsurr
616 298 807 346 rasonis
831 297 1252 349 usrsnonnrsoseou
1276 300 1363 347 usa
1386 300 1449 353 ιιι.
1608 280 1681 351 ddi

153 469 247 531 Ardet,
264 475 291 520 et
309 469 420 520 ebrietas
438 470 567 534 geminata
585 469 690 521 libidine
708 476 809 533 regnat.
934 467 1036 519 Gaudia
1052 483 1101 519 nec
1123 469 1219 523 retinet
1238 471 1361 521 Rhoetus.
1395 469 1438 522 Sis
1462 484 1626 539 comprecor,
1642 472 1680 526 ln·

151 540 273 590 Protinus
290 553 397 589 eversae
415 541 520 588 turbant
537 540 653 589 couriria
672 555 786 602 mensae,
1354 540 1422 604 quit,
1630 549 1679 598 200

111 634 117 653 r
152 609 329 672 Rapturusque
348 610 425 658 comis
440 622 487 671 per
496 602 551 656 'ri
573 624 639 658 nova
653 617 735 672 nupta
746 611 889 673 prehensis.
931 607 1025 657 Cetera
1043 608 1077 657 sit
1093 605 1165 656 l'ostis
1182 613 1322 657 castrorum
1341 611 1416 658 tnrba
1434 608 1551 661 tuornnrl

151 678 263 742 Eurytus
279 678 472 741 Hippodamen,
485 677 537 736 alli,
549 692 625 742 qnam
639 679 745 743 quisque
757 682 906 743 probasant,
931 677 1137 740 Semicremnque
1155 685 1233 726 novat
1250 679 1388 741 repetitum
1406 679 1493 741 stipite
1512 683 1610 746 vulnus,

152 748 465 810 Autpoterant,saplunt;
476 750 904 812 captasqueeraturbisimago.225
929 747 1031 810 Terque
1049 753 1188 809 quaterque
1207 749 1278 808 graui
1294 748 1424 796 iuncturas
1443 750 1544 799 verticis
1562 753 1614 802 ictu

151 818 273 866 Femineo
284 819 395 865 clamore
408 823 482 865 sonat
494 817 593 866 donus.
628 817 706 866 Ocius
719 832 807 869 omues
931 816 1018 877 Rapit,
1037 822 1064 863 et
1080 816 1105 863 iu
1125 815 1219 878 liquido
1237 817 1362 866 sederunt
1378 830 1435 866 ussa
1453 821 1568 870 cerebro.

151 887 291 947 Surgimns,
305 894 332 934 et
348 886 453 948 primus,
469 886 544 937 Quae
559 894 584 935 te
600 886 729 945 vecordia,
744 889 870 952 Theseus,
930 885 1018 933 Victor
1044 883 1077 934 ad
1099 883 1247 946 Euagrum,
1272 885 1480 950 Corythumque,
1512 887 1680 954 Dryantaque

151 957 257 1017 Euryte,
271 958 364 1017 pulsat,
379 956 424 1013 ait,
439 956 490 1019 qui,
504 969 545 1003 me
561 956 673 1015 vivente,
691 957 802 1007 lacessas
1356 955 1456 1005 transit.
1628 963 1679 1009 200

151 1025 303 1084 Pirithoum,
322 1024 450 1087 violesque
468 1024 532 1073 dues
550 1025 653 1087 ignarus
670 1025 695 1072 iu
715 1031 782 1074 nunt
929 1019 950 1068 E
967 1021 1057 1084 quihus
1074 1028 1103 1070 nt
1120 1021 1202 1083 prima
1219 1026 1302 1069 tectus
1319 1021 1438 1086 lanugine
1456 1023 1537 1075 malus

149 1093 223 1143 Neve
238 1108 268 1142 ea
280 1095 455 1155 magnanimus
463 1092 558 1142 trusus
568 1095 747 1143 memoraverit
762 1096 845 1154 heros,
852 1099 902 1145 200
927 1090 1066 1140 Procubuit
1077 1089 1222 1152 corytnusr
1242 1090 1327 1139 Putre
1345 1107 1410 1156 quae
1428 1095 1508 1156 gloria
1526 1094 1581 1146 lusu

150 1162 290 1211 Submovet
300 1163 435 1223 instantes,
450 1169 601 1226 raptamque
614 1161 756 1212 insentibus
772 1162 867 1214 ant'ert.
928 1159 1006 1208 Piri·
1022 1160 1066 1208 tibi
1079 1166 1137 1208 esti
1151 1159 1265 1221 1000οῐ00
1278 1161 1323 1208 rit·
1344 1162 1400 1211 Nec
1411 1163 1498 1213 dicere
1520 1165 1634 1217 Rhoetus

149 1232 198 1281 Ille
218 1233 278 1279 nibil
296 1238 399 1280 contra:
418 1245 501 1296 neque
519 1232 586 1280 enim
606 1230 748 1282 defendere
766 1225 851 1284 iesbis
927 1229 1005 1277 Plura
1023 1229 1094 1288 sinit,
1120 1228 1258 1291 rutilasque
1276 1226 1349 1277 ferox
1367 1233 1392 1279 iu
1410 1243 1501 1294 apertu
1519 1235 1644 1298 loquentis

148 1302 221 1350 Talia
238 1299 306 1349 facta
324 1307 427 1363 potest3
446 1301 493 1351 sed
511 1301 617 1350 vindicis
634 1316 678 1350 ora
696 1304 821 1365 protervis
926 1296 1048 1347 Condidit
1061 1312 1106 1346 osa
1116 1298 1172 1356 viri,
1182 1312 1279 1361 perque
1290 1312 1318 1347 os
1331 1299 1355 1346 iu
1369 1307 1616 1364 pectormmnas.
1627 1308 1677 1355 200

150 1370 297 1434 lusequitur
315 1372 440 1429 manibus,
461 1383 636 1435 generosaque
655 1378 761 1433 pectora
772 1373 865 1435 pulsat.
924 1367 962 1416 Te
983 1381 1092 1431 qnoque,
1117 1381 1194 1416 saeve
1212 1367 1291 1429 Drya,
1310 1369 1405 1419 circum
1423 1379 1501 1432 caput
1517 1383 1678 1435 mueronem

150 1439 228 1488 Poste
247 1438 295 1489 init
312 1440 384 1489 iusta
401 1440 478 1503 siguis
496 1440 658 1490 exstantibus
676 1455 752 1504 asper
849 1444 899 1490 200
925 1435 1087 1500 Insequitur;
1106 1436 1152 1485 sed
1171 1450 1221 1484 non
1239 1436 1265 1484 ln
1284 1444 1309 1486 te
1327 1452 1428 1502 quoqne
1446 1442 1558 1491 constitit
1575 1443 1642 1492 idem

150 1508 280 1572 Antiquos
298 1516 392 1568 crater,
409 1523 484 1573 que·
502 1516 601 1557 vastum
620 1511 714 1558 vastior
731 1511 786 1573 lpse
925 1505 1030 1554 Exitust
1054 1503 1171 1554 assiduae
1190 1519 1307 1555 successu
1325 1508 1412 1557 caedis
1430 1518 1560 1570 ovantem,

150 1578 259 1628 Sustulit
278 1576 399 1640 Aegides,
417 1577 579 1641 adversaque
596 1579 664 1628 misit
680 1581 706 1629 in
723 1593 777 1629 ora.
925 1574 982 1625 Qua
1000 1574 1086 1624 iuueta
1104 1584 1143 1624 est
1161 1576 1266 1623 humero
1283 1577 1380 1637 cervix,
1398 1578 1461 1626 sude
1480 1578 1536 1640 figis
1553 1581 1653 1632 obusta.

148 1647 285 1710 Sanquinii
297 1648 341 1696 lus
356 1648 444 1711 globos
457 1648 563 1712 parites,
581 1650 773 1713 cerebrumque,
789 1662 898 1698 merum-
924 1643 1062 1706 lugemuit,
1081 1643 1194 1708 duroque
1212 1643 1302 1693 sudem
1321 1646 1362 1694 vix
1380 1660 1438 1696 osse
1456 1649 1559 1698 revellit
1627 1653 1677 1699 000

572 1732 635 1781 φη,
926 1714 1048 1774 Rhoetus,
1067 1714 1166 1776 etipse
1184 1727 1229 1762 suo
1247 1712 1407 1764 madefactus
1425 1718 1550 1778 sanguine
1568 1716 1642 1782 sugit.

148 1785 262 1835 volsere
277 1791 304 1835 et
324 1798 368 1834 ore
383 1799 497 1846 romeus,
512 1785 615 1836 madida
628 1785 763 1849 resupinus
774 1800 863 1846 arena,
924 1782 1000 1844 Fugit
1017 1793 1044 1831 rt
1064 1783 1176 1841 Orneus,
1194 1783 1368 1847 Lycabasque,
1392 1791 1420 1833 et
1436 1787 1537 1835 saucius
1555 1803 1626 1839 armo

148 1854 280 1905 Calcitrst.
299 1854 447 1905 Ardescunt
458 1856 574 1916 germani
587 1856 666 1905 caede
680 1856 841 1915 bimembres,
848 1859 898 1904 200
923 1852 1076 1900 Dexteriore
1095 1851 1202 1913 Medon,
1220 1859 1320 1901 etcum
1341 1853 1463 1902 Pisenore
1481 1856 1627 1919 Thaumas,

148 1923 644 1989 Certatumqueomnesuuonre,Arma,
656 1939 736 1985 arma,
751 1926 897 1989 loquuntur.
923 1920 1024 1984 Quique
1043 1920 1137 1984 pedum
1156 1935 1239 1984 nuper
1256 1923 1395 1971 certamine
1415 1923 1512 1973 vicerat
1534 1941 1623 1977 ornnes

148 1992 216 2042 Vina
234 1993 331 2042 dabant
349 1993 462 2053 animos,
482 2000 509 2043 et
526 1995 608 2056 prima
626 1995 716 2057 pocula
734 2009 820 2056 pugna
923 1990 1074 2049 Mermeros,
1092 2000 1198 2051 accepto
1216 1997 1277 2039 tunc
1295 1995 1401 2041 vulnere
1420 1993 1517 2043 tardius
1536 1995 1606 2056 ibat;
1625 2000 1675 2047 000

147 2062 227 2111 Missa
246 2064 342 2121 volant,
364 2059 517 2124 fragilesque
536 2063 604 2122 cadi,
618 2063 740 2126 curvique
754 2065 861 2122 lebetes,
924 2059 956 2107 Et
974 2059 1078 2115 Pholus,
1085 2066 1112 2107 et
1120 2059 1264 2119 Melaneus,
1276 2059 1381 2109 etAbas
1391 2064 1529 2123 praedator
1540 2079 1676 2128 aprornm3

149 2130 201 2179 lies
216 2132 297 2193 epulis
314 2130 451 2192 qnondam,
466 2144 533 2179 nuuc
550 2132 616 2179 bellu
636 2139 663 2181 et
676 2131 799 2181 caedibus
810 2141 897 2195 aptae.
922 2128 1025 2191 Quique
1043 2129 1094 2176 snis
1112 2126 1207 2176 trustra
1225 2128 1318 2176 bellum
1337 2128 1495 2180 dissuaserat
1512 2147 1594 2195 augus

148 2198 248 2248 Primus
271 2198 429 2261 Ophionides
451 2198 564 2261 Amycus
579 2200 722 2262 penetralia
739 2200 813 2250 donis
848 2205 897 2250 200
923 2198 1036 2260 Astylos.
1063 2196 1111 2245 llle
1129 2198 1206 2245 etiam
1224 2198 1349 2246 metuenti
1368 2200 1473 2248 vulnera
1492 2200 1584 2262 Nesso,

149 2267 227 2316 Hand
247 2268 330 2317 timuit
347 2268 459 2329 spoliare
476 2267 528 2315 suis
546 2274 573 2317 et
590 2269 687 2331 primus
704 2270 737 2317 ab
755 2269 821 2320 aede
924 2267 963 2314 b‘e
974 2263 1044 2328 inge,
1053 2265 1086 2314 ad
1096 2265 1249 2323 Herculeos,
1264 2267 1354 2328 inquit,
1365 2268 1509 2315 servaberis
1521 2283 1603 2319 arcus.
1613 2272 1675 2334 [010

147 2336 319 2398 lampadibus
336 2335 444 2386 densum
463 2338 548 2398 rapuit
564 2334 652 2386 funale
669 2339 795 2400 coruscis,
924 2335 1017 2384 Atnon
1027 2334 1194 2396 Eurynomus,
1204 2333 1373 2398 Lycidasque,
1384 2344 1412 2385 et
1423 2337 1549 2398 Areos,et
1558 2339 1675 2390 Imbreus

147 2405 300 2468 Elatumque
318 2406 379 2463 alte,
397 2405 477 2453 veluti
494 2406 536 2469 qul
554 2405 666 2456 candida
684 2408 751 2456 tansi
924 2402 1044 2466 Effugere
1058 2417 1163 2452 necem:
1182 2418 1244 2467 qnos
1263 2418 1351 2452 orutses
1368 2404 1461 2454 dextra
1479 2406 1601 2468 Dryantis

147 2476 277 2536 Rumpere
294 2472 409 2523 sacrifica
427 2474 529 2523 molitur
543 2478 610 2525 eolla
627 2477 720 2540 sepnri,
923 2474 1036 2522 Perculit
1048 2472 1178 2521 adsersus.
1212 2470 1357 2522 Adversum
1373 2482 1400 2522 tu
1413 2489 1523 2538 quoque,
1543 2477 1658 2540 quamvis

147 2544 222 2593 illisit
241 2541 318 2593 l'routi
336 2543 461 2606 Isapithas
479 2543 638 2604 Celadontis,
657 2552 684 2595 et
701 2560 758 2595 ossa
847 2549 897 2595 000
921 2543 1007 2605 Terga
1021 2540 1097 2604 fugae
1111 2541 1224 2599 dederis,
1238 2543 1337 2601 vulnus,
1355 2542 1482 2602 Creuuee,
1500 2546 1589 2596 tulisti.

147 2615 205 2663 Non
224 2613 385 2675 agnoscendo
402 2610 509 2661 confusa
526 2615 628 2678 reliqnlt
645 2615 671 2664 in
689 2629 744 2663 ore.
924 2612 989 2660 Nam
1006 2626 1094 2673 grave,
1108 2610 1258 2673 respiciens,
1272 2612 1340 2659 iuter
1359 2611 1409 2660 duo
1430 2613 1638 2677 lumiuafesrnm,

147 2683 282 2733 Exsiluere
300 2683 375 2740 oculi,
393 2681 557 2746 disiectisque
574 2685 671 2733 ossibus
689 2685 740 2733 oris
923 2681 981 2731 Qua
994 2680 1063 2729 uaris
1077 2679 1154 2729 honri
1172 2679 1345 2738 committitur,
1360 2681 1464 2743 accipis,
1479 2683 1555 2734 imae.
1624 2691 1674 2737 010

146 2754 214 2802 Acta
233 2758 300 2800 retro
317 2751 393 2810 uaris,
412 2749 547 2814 medioque
563 2751 644 2801 infixa
661 2754 748 2815 palato
766 2757 815 2802 est.
923 2749 953 2798 in
971 2757 1041 2799 tauto
1052 2747 1155 2798 fremitu
1170 2749 1252 2797 ductis
1266 2750 1320 2797 siue
1335 2747 1387 2799 fine
1409 2750 1510 2802 iacebat

146 2820 224 2869 Hunc
241 2820 308 2883 pede
325 2822 446 2870 morulae
463 2833 569 2870 mensae
589 2821 709 2872 Pellaeus
725 2834 836 2871 acernae
922 2819 1025 2881 Sopitus
1039 2819 1111 2880 vinis,
1129 2827 1157 2866 et
1169 2819 1363 2880 inexperrectus
1383 2819 1511 2883 Aphidas,

145 2890 243 2940 Stravit
258 2891 325 2939 humi
342 2890 456 2949 Pelates,
467 2890 574 2939 disiecto
588 2892 729 2954 tripectora
741 2897 837 2952 manto,
846 2894 896 2938 200
922 2888 1115 2951 Languentiqus
1129 2902 1205 2936 mauu
1223 2888 1353 2937 carchesia
1366 2889 1439 2939 mista
1456 2891 1571 2954 tenebat,

146 2959 262 3023 Cumque
282 2967 339 3007 atro
357 2959 444 3008 mistos
468 2966 615 3023 sputantem
630 2962 754 3023 sanguine
769 2958 861 3010 dentes
923 2958 1004 3007 Fusus
1022 2957 1047 3005 iu
1066 2956 1181 3006 Ossaeae
1202 2957 1293 3005 villosis
1312 2958 1421 3019 pellibus
1439 2972 1523 3010 ursae.
1611 2962 1674 3026 [020

145 3029 260 3078 Vulnere
274 3029 411 3078 Tartareas
427 3029 556 3089 geminato
573 3030 650 3079 mittit
667 3030 700 3079 ad
718 3030 827 3079 umbras.
922 3026 1005 3077 Quem
1019 3027 1107 3088 procul
1119 3032 1146 3076 ut
1156 3025 1220 3074 vidit
1238 3025 1334 3075 frustra
1351 3030 1421 3077 nulla
1432 3043 1503 3078 arma
1520 3039 1674 3096 moventem,

145 3098 278 3148 Proximus
296 3105 324 3147 nt
341 3105 459 3158 steterat,
476 3106 598 3161 spectans
615 3100 705 3148 altaria
727 3101 799 3147 vultu
921 3095 1018 3145 luserit
1039 3100 1143 3144 amento
1166 3094 1268 3158 digitos,
1288 3097 1481 3161 Miscendaque,
1501 3099 1575 3161 dixit,

144 3168 254 3217 Fumida
272 3167 387 3227 terribili,
406 3166 458 3216 Cnr
476 3181 537 3227 non,
554 3169 600 3229 alt,
618 3170 712 3217 utimur
729 3168 799 3217 irrisi
920 3164 984 3214 Cum
1003 3164 1082 3227 Styge
1102 3164 1161 3212 sina
1174 3165 1253 3223 bibas,
1263 3165 1396 3214 Phorbas:
1416 3181 1464 3216 uec
1474 3168 1548 3230 plura
1563 3176 1676 3222 moratus

145 3237 261 3301 Cumque
278 3237 329 3284 suis
347 3235 467 3299 Gryneus
482 3237 617 3285 immanem
635 3237 738 3287 sustulit
757 3252 827 3286 amm
845 3241 897 3286 200
921 3233 952 3282 ln
971 3234 1089 3283 invenem
1107 3234 1180 3283 torsit
1198 3235 1323 3293 iaculum;
1348 3232 1495 3299 ferrataque
1513 3240 1577 3287 collo

146 3305 262 3368 Ignibus,
276 3311 303 3353 el
314 3304 424 3353 medium
441 3304 606 3366 Lapitharum
616 3307 678 3355 iecit
687 3308 712 3356 in
725 3320 828 3369 agmen,
921 3302 1056 3364 Fraxinus,
1075 3309 1102 3351 ut
1119 3316 1181 3351 casu
1198 3304 1275 3351 iacuit
1295 3305 1438 3365 resupinus,
1456 3304 1550 3354 adacta
1568 3312 1616 3354 est.

145 3375 331 3437 Depressitque
347 3372 421 3432 duos,
440 3373 565 3433 Brotean,
582 3380 610 3423 et
627 3375 717 3424 Orion.
753 3374 817 3424 Orio
920 3371 991 3420 blers
1009 3371 1092 3419 caruit
1108 3385 1195 3430 sensu,
1213 3372 1340 3433 plenoque
1358 3386 1373 3418 e
1391 3378 1494 3433 gutture
1512 3373 1587 3423 fluxit
1623 3376 1673 3423 020

145 3442 233 3490 Mater
250 3447 307 3490 erat
324 3440 440 3503 Mycaler
458 3455 534 3503 quam
551 3441 689 3493 deduxisse
711 3443 828 3492 canendo
921 3440 1004 3504 Inque
1022 3447 1100 3498 toros,
1118 3439 1194 3501 inque
1212 3439 1268 3500 ipss
1285 3441 1357 3499 niger
1374 3440 1505 3490 carchesia
1522 3444 1634 3505 sanguis.

146 3510 232 3573 Saepe
250 3510 399 3559 reluctantis
416 3509 551 3557 constabat
566 3524 663 3560 cornua
680 3512 778 3561 Lunae.
921 3508 981 3557 Vidi
999 3520 1047 3569 ego
1065 3507 1212 3565 Petraeum,
1238 3516 1373 3557 conantem
1398 3510 1488 3558 tollere
1507 3516 1576 3560 terrn

146 3580 205 3630 Nou
227 3580 329 3641 impune
348 3575 426 3638 seres,
444 3578 489 3625 teli
507 3575 583 3627 subdo
600 3579 675 3641 copia
691 3580 777 3642 detur,
845 3584 896 3630 200
920 3575 1323 3640 Glaudifersntquercnmsqnam
1334 3576 1393 3625 dnm
1403 3581 1577 3641 complexibus
1585 3581 1673 3643 ambit,

146 3649 255 3700 Dixerat
273 3646 402 3706 Exadlss;
420 3646 516 3709 telique
534 3646 613 3695 hahet
631 3648 721 3708 instas,
740 3650 764 3698 ln
783 3651 836 3699 alta
920 3648 954 3695 Et
972 3647 1053 3710 quatit
1071 3646 1120 3694 huc
1137 3646 1205 3705 illuc,
1224 3642 1401 3710 laheiactaque
1421 3649 1512 3698 robora
1529 3652 1624 3713 pulsat,

146 3719 220 3770 Quae
238 3716 342 3767 fueraut
360 3716 431 3779 pinu,
450 3715 528 3764 rotivi
544 3730 640 3766 cornua
657 3717 737 3767 cesvl.
920 3716 1022 3766 lancea
1040 3715 1157 3773 Pirithoi,
1175 3715 1252 3764 costis
1269 3716 1380 3765 immissa
1397 3715 1512 3778 Petraei,
1622 3726 1672 3770 000

145 3789 245 3851 Figitur
258 3789 316 3840 bule
331 3786 429 3848 duplici
439 3784 560 3848 Gryneus
571 3785 597 3834 iu
611 3787 704 3836 lumina
720 3799 799 3846 nmo,
921 3786 1031 3835 Pectora
1043 3799 1099 3833 cum
1118 3784 1182 3833 duro
1200 3784 1323 3833 luctantia
1342 3787 1433 3835 robore
1451 3785 1516 3837 lixit.

145 3858 300 3922 Eruiturque
322 3858 424 3906 oculos:
443 3869 549 3919 quorum
568 3869 628 3917 pars
642 3856 761 3905 cornibus
780 3857 878 3915 haeret,
920 3854 1027 3904 Pirithoi
1044 3855 1139 3904 virtute
1156 3854 1252 3916 Lycum
1270 3854 1393 3904 cecidisse
1411 3852 1539 3919 serebant,

144 3925 896 3988 Parstiuitlnbarbam,eoncretaqnesangnlnependetlld
921 3923 1027 3972 Pirithoi
1045 3923 1168 3973 cecidisse
1187 3923 1315 3973 Chromin.
1355 3923 1407 3973 Sed
1426 3931 1532 3988 uterque
1549 3928 1672 3978 minorent

146 3995 214 4043 Ecce
232 3996 299 4057 sapit
318 3994 409 4044 mediis
428 3992 581 4055 flagrantem
594 3993 709 4044 Rhoetus
725 3996 758 4043 ah
776 3996 826 4043 aris
920 3991 1019 4042 Victori
1036 3995 1146 4052 utrium,
1161 4007 1236 4057 quam
1248 3992 1346 4054 Dictys,
1360 3992 1519 4058 Helopsque,
1533 3996 1671 4049 dederunt.

146 4064 290 4113 Prnuitlnm
309 4070 413 4122 torrem,
431 4061 575 4126 dextraque
591 4078 608 4112 a
625 4071 700 4126 parte
715 4064 827 4113 Charaxi
921 4063 999 4111 Pians
1009 4061 1108 4125 Helops
1121 4063 1212 4121 iaculo,
1226 4061 1292 4126 quod
1309 4063 1398 4123 pervia
1410 4070 1526 4125 tempora
1542 4064 1612 4127 lecit,
1622 4073 1671 4118 000

145 4134 272 4196 Tempora
288 4131 424 4195 perfringit
440 4131 509 4181 fulvo
527 4139 645 4194 protecta
663 4134 764 4196 capillo.
922 4132 955 4181 Et
979 4131 1080 4181 missum
1098 4146 1114 4180 a
1132 4130 1225 4180 dextra
1242 4132 1341 4179 laesam
1360 4134 1506 4193 penetravit
1522 4133 1556 4184 ad
1573 4151 1671 4188 aurens·

146 4202 264 4266 Correpti
282 4201 383 4265 rapida,
401 4202 479 4250 relati
501 4216 574 4263 seges
597 4202 680 4260 arida,
696 4203 798 4252 flamma
922 4201 1019 4264 Dictys,
1042 4201 1074 4250 ab
1093 4200 1197 4262 ancipili
1215 4200 1335 4262 delapsus
1357 4202 1474 4250 acumine
1498 4206 1599 4263 montis,

147 4272 274 4321 Arserunt
285 4272 378 4329 crines,
397 4277 425 4320 st
437 4272 544 4320 voluere
558 4273 662 4334 sangnis
675 4274 775 4322 inustus
845 4274 895 4321 210
921 4271 988 4319 Dum
1006 4268 1071 4333 fugit
1090 4272 1227 4319 instantem
1249 4268 1382 4331 trepidans
1402 4270 1492 4320 laione
1510 4283 1600 4323 ustum

144 4341 295 4390 Terribilem
316 4339 426 4392 stridore
445 4354 533 4388 sunum
548 4341 637 4401 deuiis
657 4348 685 4390 ut
701 4341 765 4391 dare
781 4339 877 4391 serrum
921 4338 1023 4388 Decidit
1039 4340 1064 4388 in
1083 4352 1217 4403 praeceps,
1235 4346 1263 4386 et
1280 4338 1396 4401 pondere
1413 4341 1526 4402 corporis
1547 4354 1635 4392 ornant

146 4408 210 4470 lgna
224 4411 319 4460 rubeus
343 4410 491 4472 plerumque
513 4411 589 4468 solet,
604 4409 671 4474 quod
692 4409 879 4474 sorcipecnrva
920 4409 1057 4471 lugentem
1075 4407 1162 4471 fregit,
1187 4422 1282 4472 suaque
1301 4408 1384 4457 induit
1404 4409 1447 4458 ilia
1464 4400 1573 4461 0000000.
1620 4415 1671 4461 000

146 4478 230 4528 Quum
251 4476 323 4528 labes
339 4478 440 4536 eduxit,
451 4479 555 4528 lacubus
575 4479 703 4529 demittit:
722 4487 750 4530 at
764 4479 826 4529 illud
920 4478 994 4527 Ultor
1011 4477 1086 4527 adest
1099 4477 1243 4539 Aphareus,
1260 4491 1427 4541 saxumquee
1442 4486 1528 4529 monte
1543 4482 1671 4532 revulsum

146 4547 253 4607 Stridet,
272 4554 299 4596 st
316 4549 342 4596 in
362 4547 464 4609 trepida
478 4549 635 4597 submersum
650 4550 735 4598 sibilat
748 4549 825 4598 unda.
919 4548 1026 4596 Mittere
1041 4554 1157 4596 conatur.
1181 4546 1329 4596 Mittentem
1348 4547 1434 4609 stipite
1453 4562 1551 4611 querno

146 4617 252 4666 Saucius
270 4616 371 4665 hirsutis
388 4615 490 4666 avidum
510 4617 544 4666 de
560 4617 672 4666 crinibus
689 4619 774 4680 ignem
843 4621 895 4666 200
920 4617 1039 4678 Occupat
1056 4615 1179 4678 Aegides,
1204 4616 1332 4679 cubitique
1350 4617 1463 4678 iugentia
1481 4615 1577 4682 frangit

146 4685 261 4744 Excutit,
285 4686 360 4749 inque
381 4685 499 4734 humeros
517 4686 594 4735 limen
614 4687 707 4735 tellure
732 4689 860 4736 revulsum
920 4685 1002 4735 Ossa:
1021 4698 1070 4733 nec
1088 4685 1193 4733 ulterius
1210 4684 1273 4733 dare
1291 4701 1382 4747 corpus
1401 4686 1490 4735 inutile
1508 4688 1560 4737 leto

143 4755 230 4813 Tollit,
247 4755 446 4815 onusplaustri3
464 4756 532 4818 quud
547 4770 581 4804 ue
599 4756 770 4816 permittatis
787 4758 894 4817 bostem,
919 4757 975 4803 Aut
992 4760 1077 4812 vacat,
1094 4758 1139 4802 aut
1155 4760 1245 4813 curat,
1264 4760 1386 4818 tergoque
1405 4756 1522 4804 Bianoris
1539 4754 1584 4806 alti
1621 4758 1670 4808 000

145 4824 208 4886 Ipsa
224 4821 286 4873 iacit
299 4823 427 4884 grunitum
445 4825 540 4873 socium
562 4838 661 4888 quoque
683 4839 764 4873 saxea
782 4827 860 4874 moles
922 4822 1012 4881 insilit,
1030 4822 1097 4871 baud
1116 4823 1189 4871 solito
1207 4837 1349 4887 quenquam
1368 4830 1480 4885 portare,
1507 4824 1555 4874 nisi
1572 4827 1669 4890 ipsumt

145 4893 283 4957 Oppressit
298 4892 381 4955 spatio
398 4898 510 4941 stantem
527 4893 659 4956 propriore
677 4893 812 4944 Cometen.
920 4893 1098 4956 Opposuitqne
1113 4907 1181 4955 genn
1198 4893 1283 4955 costis,
1301 4906 1471 4958 prensamque
1489 4894 1592 4946 sinistra

198 5015 238 5059 255
254 5013 356 5056 uetares.
379 5012 429 5056 Ais
442 5022 482 5055 000
495 5012 559 5055 cedd.
585 5014 626 5058 Μ
639 5015 729 5073 Ὀριΐος.
742 5013 772 5058 ll.
786 5014 885 5058 maloin
903 5013 986 5066 00000,
1003 5013 1069 5066 0000,
1082 5026 1096 5056 0
1109 5011 1223 5057 0000010,
1297 5014 1345 5058 did.
1371 5013 1452 5069 11000.
1465 5015 1671 5060 euertit-*berlir

143 5068 207 5113 esdd.
221 5071 270 5113 Em.
285 5069 314 5112 H.
329 5065 458 5111 llevoeasd.
471 5067 628 5125 esssetrslg.
642 5069 660 5113 l.
686 5070 727 5112 010
740 5068 873 5112 mamae.
888 5068 988 5112 Frustra
1000 5065 1045 5111 hue
1058 5067 1170 5112 sdroeant
1183 5068 1269 5112 hanam
1298 5069 1329 5122 ll,
1400 5069 1439 5113 uhl
1452 5070 1576 5117 0000000000
1590 5070 1670 5116 dleua·

143 5129 184 5224 tt
198 5137 286 5224 12:33³
309 5122 943 5226 'is'rffi'ss''¹“ui⁰o'liii.'ii⁰'iioi⁰iiii
957 5122 1159 5225 0ῗὲῗοοὯ
1166 5121 1457 5235 ἰὲἓιῖἶίἳὶζιὲέἕ·
1510 5127 1551 5171 ⁸²¹
1565 5125 1678 5169 ''Q'‘

1291 5235 1350 5304 hh
