3586 5498
123 230 197 301 114
368 250 402 298 s.
426 249 569 297 orrnrr
592 247 772 295 ressonis
796 240 1219 295 nursuonenoonos
1243 240 1325 297 ιη’.
1350 250 1434 299 m.

123 427 195 475 Mors
208 430 307 474 tantmn
325 422 417 472 4411444
433 426 541 470 matrem
556 432 614 468 nrea
633 418 725 469 fallere
742 426 838 483 posset.
897 416 1056 478 Contingent
1065 417 1150 481 fletus,
1160 421 1368 487 peregrinaeque
1374 422 1666 481 aminare-sessa

123 497 210 546 Mater
225 496 307 553 obest,
323 493 463 555 minuitque
478 490 547 538 necis
563 489 623 537 milri
633 489 742 551 gaudia3
759 492 873 554 quamvls
898 487 992 535 Omnia
1007 488 1178 549 perdidimus:
1191 500 1318 553 superest,
1332 506 1383 540 our
1401 494 1506 545 virere
1522 506 1627 563 tenpss

125 569 182 617 ilion
198 580 256 613 ruso
271 577 337 611 mors
349 562 393 622 illl,
416 574 502 608 444444
518 573 565 608 444
583 560 636 607 4144
650 559 778 620 gemenda
789 567 838 611 est.
898 556 929 604 ln
943 558 1021 605 breve
1040 560 1189 619 sustineam,
1210 563 1294 622 proles
1308 562 1470 623 gratissima
1490 568 1584 629 narrt,

125 638 177 685 Vos
193 633 276 691 modo,
289 646 322 680 44
335 631 437 694 Stygios
454 630 545 677 adeam
564 642 615 677 non
626 629 708 677 libera
721 629 822 694 Manes,
899 626 974 674 Nunc
987 628 1065 685 solur,
1079 627 1207 690 quondam
1222 630 1340 679 minimus
1360 632 1398 681 de
1415 634 1514 697 stirpe
1531 638 1613 701 414111,

123 706 185 754 Este
199 704 296 766 procul,
314 702 335 750 41
348 702 413 749 iusta
426 707 501 762 peto;
522 706 642 762 tactuque
658 699 743 746 viriles
822 704 873 751 404
899 696 954 743 Has
967 695 1043 744 datus
1053 695 1160 745 14444414
1173 699 1227 761 regi
1238 699 1386 763 Polydorus
1398 702 1427 751 is
1445 718 1525 755 ons.

123 775 244 835 virgineo
259 778 389 819 removete
403 784 500 817 marrus.
530 767 668 829 Acceptior
683 768 730 829 illi,
899 764 968 815 Quid
986 780 1069 813 moror
1082 768 1182 815 interea
1199 768 1313 817 crudelia
1325 773 1445 819 vulnera
1459 774 1584 838 lymphis
1627 782 1668 829 444

123 845 243 907 Quisquis
256 844 276 890 is
292 850 340 899 444,
352 854 427 903 qoem
444 839 525 886 caede
541 851 598 884 mea
613 838 716 898 placare
734 838 839 899 parutis,
900 834 1023 895 Abluere,
1040 839 1067 882 et
1082 850 1184 897 sparsos
1203 837 1291 886 immiti
1309 842 1447 899 sanguine
1469 846 1585 895 4414444

122 916 198 965 Liber
213 913 262 960 erit
277 910 388 970 salignis.
407 910 433 955 Si
445 922 507 970 quor
522 914 607 953 tamen
623 908 712 953 ultima
725 908 806 955 nostri
899 902 986 962 bisin
1015 910 1042 953 et
1053 904 1085 953 ad
1100 907 1158 969 litus
1175 920 1250 967 passu
1269 911 1399 969 processit
1416 912 1503 961 anili.

123 986 191 1032 Vota
206 988 310 1029 44444444
326 981 393 1035 4414,
408 978 503 1024 Priami
519 989 563 1023 444
578 973 630 1022 41114
642 976 717 1035 regis,
899 973 1025 1020 ‚libentes
1039 974 1135 1023 laniata
1150 990 1244 1025 conras-
1276 977 1354 1035 Date,
1375 978 1522 1041 Troades,
1542 998 1641 1049 unani,

122 1055 180 1103 Non
194 1054 305 1113 captiva,
323 1056 411 1109 rogat:
426 1044 549 1108 genetrici
562 1058 654 1106 corpur
672 1045 812 1107 inemptum
822 1048 873 1092 410
900 1042 1008 1089 Dixerat
1020 1041 1119 1101 infelix,
1134 1044 1241 1108 liquidas
1253 1045 1370 1095 hauriret
1388 1056 1420 1095 nt
1443 1050 1559 1101 undas:

124 1121 252 1177 Reddite;
268 1133 334 1166 4444
352 1130 414 1164 auro
428 1115 539 1163 redimat
554 1114 591 1161 ius
609 1115 680 1161 triste
696 1114 817 1176 sepulcri,
899 1110 1017 1171 Adspicit
1032 1113 1142 1159 eiectum
1161 1113 1281 1176 Polydori
1296 1116 1321 1162 in
1338 1116 1422 1166 litore
1438 1132 1560 1185 eorpus,
1628 1128 1667 1173 444

123 1192 176 1241 Sed
191 1189 300 1238 lacrimis
310 1205 316 1236 :
327 1196 397 1243 tunc,
406 1200 482 1249 quum
493 1190 603 1246 poterat,
613 1183 756 1231 redimebat
764 1194 791 1231 et
801 1197 872 1233 auro.
900 1182 1028 1243 Factaque
1046 1181 1168 1229 Threiciis
1183 1182 1296 1244 ingentia
1315 1185 1431 1236 vulnera
1447 1192 1530 1241 telis.

124 1262 241 1310 Dixerat,
262 1258 297 1305 At
309 1258 417 1319 populus
433 1255 557 1311 lacrimas,
576 1253 694 1316 quasilla
708 1254 822 1313 tenebat,
896 1249 1011 1297 Troades
1030 1252 1183 1299 exclamant:
1208 1253 1334 1301 obmutuit
1348 1256 1396 1303 illa
1412 1256 1539 1321 doloro;

124 1332 181 1379 b'on
201 1335 281 1377 tenet.
301 1327 360 1388 lpse
379 1326 455 1373 etiam
475 1323 547 1371 11444.
558 1324 703 1385 invitusque
719 1323 839 1371 sacerdos
900 1320 932 1365 El
947 1321 1043 1379 pariter
1058 1334 1154 1381 rocem,
1168 1323 1336 1385 lacrimasque
1348 1324 1493 1379 introrsus
1507 1330 1621 1381 obortas

123 1401 246 1449 Praebita
257 1399 373 1445 coniecto
388 1396 457 1455 rupit
472 1392 623 1455 praecordia
640 1390 717 1439 t‘erro.
822 1394 872 1441 414
900 1389 1012 1436 Deserat
1022 1389 1076 1451 lpse
1093 1389 1174 1451 dolor,
1186 1390 1299 1455 duroque
1311 1393 1447 1445 simillima
1462 1412 1539 1449 saxo

124 1469 182 1527 Illa,
203 1481 279 1528 super
298 1477 391 1513 terram
406 1461 509 1511 defecto
524 1462 620 1524 poplite
636 1462 734 1519 labens,
896 1458 1001 1518 Torpet,
1014 1469 1041 1506 et
1058 1458 1168 1508 aduersa
1180 1460 1235 1521 tigit
1255 1461 1329 1509 modo
1346 1463 1451 1514 lumina
1470 1474 1573 1531 terra;
1629 1472 1668 1519 414

124 1539 233 1587 Pertulit
253 1534 392 1595 intrepidos
406 1532 438 1581 ad
460 1531 514 1580 lata
528 1530 663 1578 novissima
678 1531 771 1578 vultos.
898 1526 1032 1575 interdurn
1045 1536 1129 1576 torvos
1148 1530 1248 1578 extollit
1262 1530 1293 1578 sd
1305 1532 1419 1583 aethera
1435 1538 1557 1599 rultns;

123 1608 197 1656 Tunc
213 1619 313 1669 quoqne
334 1616 395 1650 eura
412 1599 460 1649 luit
475 1610 561 1662 partes
574 1603 660 1647 velare
671 1598 805 1661 tegendus,
900 1597 973 1643 bunc
987 1598 1061 1658 positi
1076 1605 1177 1660 spectat
1191 1601 1297 1658 vultum,
1311 1614 1380 1649 nnnc
1399 1607 1526 1656 volnera
1542 1608 1612 1669 nati,

125 1677 210 1726 Quum
226 1674 341 1727 caderet,
357 1672 471 1733 castique
484 1669 562 1718 decus
579 1682 683 1716 seruare
702 1668 814 1730 pudoris.
900 1665 1012 1713 Vulnera
1030 1668 1183 1728 praecipue3
1203 1683 1281 1731 seque
1298 1678 1383 1719 444444
1407 1680 1439 1721 ee
1458 1675 1581 1727 inmun
1599 1678 1643 1727 ῑῃ,

123 1744 238 1794 Troades
251 1742 400 1804 excipiunt,
414 1741 611 1802 deploratosque
623 1746 759 1787 recensent
822 1741 872 1787 480
898 1734 956 1785 Qua
968 1736 1040 1782 aiulul
1058 1737 1162 1795 exarsit,
1183 1744 1303 1802 tanquam
1318 1742 1413 1800 regina
1431 1754 1582 1809 maneret,

124 1813 278 1870 Priamidas,
291 1820 316 1859 et
330 1808 389 1874 quid
407 1808 509 1857 dederit
522 1808 610 1855 domus
631 1822 682 1855 una
698 1807 803 1856 cruoris.
899 1803 991 1851 Ulcisci
1003 1806 1101 1866 statuit,
1116 1820 1264 1871 poenaeque
1286 1810 1310 1856 iu
1329 1810 1449 1872 imagine
1472 1822 1538 1865 tota
1559 1825 1613 1868 est,
1629 1820 1667 1867 ut

123 1886 211 1946 Teque
230 1886 344 1943 gemunt,
364 1880 444 1941 virgo,
461 1885 546 1942 teque,
565 1892 580 1924 o
596 1876 670 1924 modo
684 1877 755 1937 regia
770 1877 873 1939 coniux,
900 1872 983 1936 thue
998 1871 1059 1921 t'urit
1075 1877 1158 1923 catulo
1172 1877 1285 1925 lactente
1299 1879 1390 1927 orbata
1404 1881 1535 1946 leaena,

125 1954 206 2013 liegii
222 1951 292 2000 dicta
308 1963 410 2011 parens,
426 1948 503 1996 Asiae
517 1946 631 1995 florentis
645 1947 737 2007 imago,
897 1942 1024 2006 Signaque
1039 1952 1116 1992 nacta
1134 1946 1228 2007 pedum
1251 1948 1373 2009 sequitur,
1397 1964 1487 2013 qoem
1513 1968 1574 2004 nou
1599 1954 1669 2015 sidet,

124 2022 288 2072 nuncetiam
303 2018 415 2080 praedae
428 2019 495 2064 mala
512 2030 580 2075 som
595 2030 669 2079 quam
685 2015 765 2063 414444
783 2014 872 2064 Ulixes
1318 2018 1441 2079 hostem

123 2094 186 2144 Esse
201 2105 271 2140 suam
282 2090 369 2146 nollet,
388 2087 434 2135 nisi
444 2085 510 2150 quod
520 2093 604 2133 tamen
612 2082 727 2133 Hectora
737 2091 812 2146 partu
821 2089 871 2134 404
897 2082 939 2129 Sic
953 2081 1069 2143 Hecabe,
1084 2091 1216 2147 postquam
1231 2100 1287 2132 cum
1304 2086 1374 2134 luctu
1389 2089 1508 2139 miscuis
1528 2091 1613 2156 tam,

123 2161 263 2210 Editleras:
282 2158 411 2206 dominum
431 2156 506 2204 matri
525 2156 566 2203 rix
584 2155 682 2216 reperit
700 2154 807 2203 Hector.
899 2153 954 2199 bun
973 2152 1051 2199 oblita
1065 2153 1214 2213 animorum,
1227 2168 1349 2202 annorum
1370 2157 1460 2207 oblita
1480 2174 1612 2225 snorum,

123 2232 198 2282 Quae
213 2244 304 2291 corpus
318 2230 451 2288 complexa
463 2228 565 2274 animae
584 2234 635 2273 tam
651 2223 722 2272 fortis
736 2224 821 2285 inane,
898 2220 977 2268 Vadit
989 2220 1021 2269 ad
1036 2222 1160 2271 artificem
1170 2222 1250 2281 dirae,
1267 2224 1462 2288 Polymestore,
1479 2232 1594 2294 caedis,
1629 2236 1668 2281 444

123 2302 193 2351 Quas
211 2300 286 2347 toties
299 2298 397 2360 patriae
412 2296 531 2355 dederat,
546 2295 672 2358 natisque,
691 2294 804 2357 viroque,
897 2290 1103 2354 colloquiumque
1124 2292 1204 2353 petit:
1221 2308 1279 2340 narn
1292 2308 1319 2340 se
1335 2302 1491 2347 monstrare
1512 2301 1642 2353 reiteras

122 2370 191 2419 Huic
201 2368 351 2433 quoquedat
364 2362 872 2423 1444414444,144414441444144441444114,
899 2359 972 2407 Velle
989 2361 1071 2408 latens
1084 2360 1129 2420 1111,
1151 2361 1218 2424 quod
1232 2371 1292 2412 nato
1305 2362 1443 2426 redderet,
1459 2380 1578 2421 aurum.

122 2440 319 2501 Oseulaqoeore
330 2436 404 2497 petit,
414 2441 584 2496 consuetaque
595 2441 699 2495 pectora
706 2434 813 2493 plangit,
822 2436 872 2480 400
897 2429 1320 2495 CrediditOdrysius,praedaeque
1330 2442 1452 2483 assuetus
1468 2450 1572 2490 amore

122 2509 300 2569 Canitiernque
311 2520 382 2553 suam
399 2510 519 2551 concreto
533 2503 558 2549 in
574 2502 696 2563 sanguine
711 2516 825 2561 verrens,
898 2499 928 2547 144
942 2508 1042 2546 4444444
1056 2501 1140 2557 venit,
1159 2514 1235 2563 quum
1251 2502 1344 2549 blando
1358 2504 1477 2553 callidus
1497 2521 1562 2569 ore,

123 2579 203 2627 Plura
221 2574 333 2639 quidem,
349 2571 394 2620 sed
411 2579 438 2620 et
455 2573 519 2619 haec
532 2572 627 2618 laniato
640 2577 744 2631 pectore
758 2569 836 2619 diait:
897 2570 968 2617 Tolle
984 2582 1075 2627 moras,
1095 2568 1210 2628 Hecabe,
1231 2570 1304 2631 dixit,
1320 2571 1353 2619 da
1368 2586 1485 2624 munera
1503 2587 1586 2629 nato.
1623 2582 1666 2629 444

122 2648 282 2703 1144444444,
295 2642 355 2706 quid
368 2641 435 2688 enim
451 2645 584 2701 superest?
602 2638 673 2687 dolor
689 2640 777 2687 ultime
790 2640 873 2701 matri,
898 2638 982 2687 Omne
1004 2637 1057 2686 t‘ore
1071 2638 1137 2687 illius
1153 2638 1219 2703 qnod
1237 2641 1292 2697 das,
1309 2640 1375 2704 quod
1391 2648 1418 2689 et
1434 2651 1508 2695 ante
1524 2647 1640 2709 dedisti,

123 2715 202 2771 Nata,
226 2714 308 2767 iaces;
328 2711 452 2772 uideoque
466 2716 545 2765 tuum,
560 2722 616 2755 mea
637 2709 753 2765 vulnera,
773 2711 872 2757 uulnus.
899 2708 949 2755 Per
964 2721 1069 2769 superos
1083 2707 1145 2755 iuro.
1177 2709 1283 2771 Spectet
1298 2712 1445 2759 truculenta
1463 2715 1641 2781 loquenten,

122 2783 210 2841 En,ne
221 2780 377 2843 perdiderim
387 2793 530 2842 quenquam
540 2778 594 2825 sine
604 2777 684 2825 caede
691 2791 814 2837 nieorum,
823 2782 872 2826 100
900 2778 1024 2841 Falsaque
1038 2778 1179 2837 iurantem
1198 2779 1344 2842 tumidaque
1364 2790 1511 2833 exaestuat
1533 2788 1588 2838 ira.

121 2853 160 2900 Tu
176 2850 378 2915 quoqnevulnns
393 2850 479 2895 babes.
506 2849 539 2895 At
555 2852 589 2905 te,
604 2847 663 2909 quia
678 2845 783 2911 1444144,
798 2848 873 2896 441444
898 2845 984 2909 Atque
1000 2847 1035 2895 ita
1048 2854 1192 2908 correptum
1211 2850 1368 2910 captivarum
1386 2852 1497 2911 agmine
1516 2866 1636 2907 matrum

123 2921 146 2970 Α
163 2920 231 2968 14444
247 2926 341 2966 tutam:
361 2918 475 2965 cecidisti
498 2923 523 2964 et
534 2914 630 2964 1444144
643 2914 726 2974 terro,
897 2915 1008 2974 involat,
1020 2925 1047 2964 et
1057 2916 1150 2977 digitos
1168 2916 1192 2965 14
1209 2919 1308 2981 perlida
1322 2919 1417 2967 lumina
1433 2922 1544 2985 condic,
1622 2930 1667 2977 444

121 2991 221 3053 Totque
237 2998 292 3036 tuos
305 2987 371 3035 idem
387 2985 489 3043 iratres,
499 2993 524 3033 te
543 2984 656 3047 perdidit
673 2985 751 3045 idem,
899 2985 1079 3049 Esspoliatque
1097 3000 1176 3047 genas
1191 2988 1278 3045 oeulis,
1295 2985 1407 3036 14414144
1423 2992 1582 3056 valentem,

122 3059 235 3106 Exitium
249 3058 341 3105 Troiae
354 3057 483 3119 nostrique
496 3055 606 3112 orbator,
624 3054 744 3102 Achilles.
897 3054 1080 3119 immergitque
1099 3070 1196 3114 munus,
1215 3056 1367 3122 lbedataque
1385 3061 1521 3121 sauguine
1542 3068 1618 3115 sonti

122 3128 159 3177 At
169 3136 301 3190 postquam
318 3126 419 3174 Paridis
430 3124 532 3182 cecidit,
542 3124 689 3187 Phoebique
699 3123 813 3184 sagittis:
823 3128 871 3172 400
897 3127 953 3173 bon
966 3126 1059 3185 lumen,
1071 3128 1229 3188 nequeenim
1239 3138 1365 3188 superest,
1375 3129 1430 3175 loca
1443 3130 1560 3183 luminis
1570 3136 1665 3185 haurit.

121 3198 196 3246 Nunc
212 3207 293 3255 certe,
305 3196 368 3255 dixi,
391 3210 440 3242 non
457 3201 495 3243 est
512 3193 664 3242 metuendus
681 3192 802 3241 Achilles.
896 3192 977 3242 Clade
996 3194 1034 3241 441
1052 3194 1175 3242 Thracum
1194 3210 1256 3257 gens
1275 3198 1374 3245 irritata
1391 3202 1503 3258 tyranni

121 3267 197 3315 Nunc
208 3280 308 3330 quoque
321 3266 354 3312 mi
373 3264 526 3312 metuendus
543 3270 607 3311 erat.
626 3262 695 3311 Cinis
710 3262 764 3324 ipse
778 3261 872 3325 sepulti
895 3262 997 3311 Troada
1014 3265 1121 3312 telorum
1140 3265 1303 3331 lapidumque
1321 3265 1449 3315 incessere
1468 3268 1549 3321 iactu
1618 3278 1664 3325 444

121 3336 152 3385 14
164 3350 245 3398 geniis
256 3337 302 3383 hoc
315 3335 521 3393 saerit;tumulo
530 3347 629 3396 quoque
638 3332 762 3381 sensimus
773 3334 870 3382 bostem
895 3332 995 3394 coepit.
1025 3333 1060 3381 At
1071 3335 1133 3383 haec
1145 3334 1248 3385 4414444444
1259 3350 1335 3383 rauco
1346 3349 1402 3384 oum
1412 3350 1556 3390 murmure
1572 3358 1665 3393 sus·

121 3405 254 3454 Aeacidae
269 3404 381 3453 fecunda
396 3403 441 3452 t‘ui.
460 3403 533 3452 lacet
547 3402 611 3450 llion
627 3402 726 3465 ingens,
896 3402 1022 3451 Mortibus
1040 3403 1194 3467 insequitur:
1213 3406 1328 3469 rictuque
1347 3404 1380 3453 ad
1399 3408 1480 3454 rerba
1502 3420 1608 3472 panto

120 3475 272 3538 Brentnque
287 3475 358 3535 gravi
370 3472 443 3521 finita
462 3480 501 3521 est
518 3472 618 3535 publiea
631 3471 733 3531 clades;
821 3476 870 3519 404
895 3472 1019 3531 14444414,
1036 3480 1128 3522 444444
1146 3474 1222 3538 loqui.
1240 3474 1321 3523 1444444
1339 3481 1435 3531 exstat,
1454 3484 1482 3524 et
1503 3494 1542 3528 ex
1562 3496 1595 3531 re

120 3544 147 3591 81
165 3544 238 3592 finita
252 3552 346 3592 tamen.
373 3542 425 3590 8411
442 3542 502 3590 441141
517 3542 641 3601 Pergama
661 3548 768 3600 restant,
897 3543 995 3590 Nomen
1014 3542 1107 3601 hahet;
1127 3542 1508 3606 veterumquediornemorilla
1521 3552 1665 3613 malum,

120 3612 152 3661 In
168 3628 292 3675 cursuque
310 3626 380 3660 meus
402 3611 474 3659 dolor
494 3617 542 3659 est.
561 3609 639 3657 Modo
652 3611 762 3658 maxima
775 3623 870 3671 rerum,
894 3612 1073 3675 Tuncqnoque
1080 3612 1207 3661 Sithonios
1219 3613 1324 3662 ululavit
1334 3621 1430 3660 maesta
1444 3628 1495 3676 per
1506 3631 1602 3683 agros.
1613 3625 1663 3671 m

119 3683 168 3730 Tot
184 3684 285 3743 generis
297 3683 415 3742 natisque
432 3688 531 3741 potens,
544 3679 707 3742 nuribusque,
724 3680 836 3743 viroque,
896 3680 966 3728 111144
983 3681 1112 3747 Troasque
1130 3696 1188 3730 suos
1207 3684 1341 3746 hostesque
1359 3682 1493 3745 Pelasgos,

120 3752 197 3799 Nunc
218 3753 304 3799 4441444
319 3750 401 3809 exsul,
420 3750 501 3811 inops,
525 3749 627 3797 tumulis
644 3750 731 3796 444144
747 3762 870 3810 meorum,
896 3749 967 3799 illius
982 3749 1094 3799 Portuno
1115 3751 1176 3800 deor
1192 3766 1291 3815 quoque
1308 3758 1421 3799 moverat
1440 3767 1559 3819 44444444

120 3821 268 3881 Penelopae
282 3834 386 3868 munus:
402 3833 469 3881 qnae
486 3832 526 3866 me
543 3816 695 3879 datapensa
707 3819 851 3866 trahentem
895 3820 937 3867 Sic
951 3834 1048 3877 omues,
1064 3828 1091 3869 ut
1113 3830 1138 3869 et
1158 3824 1213 3885 ipsa
1232 3820 1299 3870 14414
1310 3821 1462 3883 coniuxque,
1481 3836 1630 3895 sororque,

119 3890 247 3937 illatribus
268 3888 408 3938 ostendens
425 3887 529 3946 14144414,
548 3886 622 3934 11444
638 3886 758 3936 Hectoris
772 3889 816 3935 illa
830 3894 871 3937 est
896 3890 1009 3937 Euentus
1025 3889 1157 3938 Hecubam
1172 3892 1293 3939 meruisse
1309 3892 1441 3951 negaverit
1457 3892 1526 3942 illos.
1596 3900 1661 3963 [474

119 3959 196 4007 Clara
211 3974 313 4021 parens,
331 3960 395 4006 baec
413 3965 462 4016 444,
484 3957 563 4017 dicet,
578 3956 705 4004 Priameia
716 3957 818 4007 conius.
895 3959 952 4007 Non
969 3966 1043 4007 44444
1055 3959 1181 4021 Aurorae,
1196 3974 1338 4025 quanquam
1350 3959 1429 4007 isdem
1444 3956 1557 4013 faverat
1570 3968 1661 4031 4444414,

120 4028 234 4092 Postque
251 4035 289 4076 tot
304 4028 408 4077 amissos
422 4035 448 4075 tu
462 4042 539 4082 nunc,
552 4040 617 4089 quae
633 4028 687 4074 sola
697 4026 801 4075 levabas
895 4027 1016 4077 Cladibus
1034 4038 1060 4077 et
1078 4043 1138 4077 casu
1151 4031 1293 4094 Troiaeque
1313 4029 1490 4091 Hecubaeque
1509 4038 1626 4087 44444441,

119 4098 252 4146 Maternus
272 4100 363 4155 luctus,
380 4097 480 4145 hostilis
498 4098 573 4144 busta
588 4095 672 4158 piasti.
895 4096 963 4146 Cora
975 4098 1050 4146 deam
1064 4100 1176 4161 propior,
1197 4100 1329 4162 luctusque
1352 4097 1512 4148 domenicus
1526 4107 1609 4169 angit

119 4165 228 4216 14144144
243 4168 306 4214 hosti
319 4167 418 4228 peperi.
443 4167 501 4216 Quo
512 4164 597 4214 ferrea
615 4171 698 4214 restet
819 4168 868 4213 414
894 4167 1037 4216 1144444414
1053 4169 1150 4216 amissi:
1170 4169 1287 4232 Phrygiis
1302 4182 1375 4233 quem
1395 4169 1464 4217 lutea
1479 4176 1588 4237 campis

118 4237 220 4287 Quidve
234 4242 335 4284 morort
349 4251 398 4299 quo
414 4250 454 4283 mc
467 4250 564 4291 seruas,
578 4234 701 4283 damnosa
716 4240 852 4283 senectuti
895 4236 966 4283 Vidit
982 4236 1097 4285 Achillea
1114 4246 1264 4299 pereuntem
1282 4236 1386 4299 cuspide
1400 4245 1493 4287 mater.

118 4306 197 4364 Quid,
210 4306 236 4354 di
257 4305 385 4360 crudeles,
407 4304 454 4351 nisi
472 4319 522 4367 qno
537 4318 602 4352 nors
615 4302 706 4352 144444
721 4318 834 4367 ceruam,
895 4305 981 4363 l'idit3
999 4313 1025 4354 et
1038 4306 1082 4353 ille
1094 4309 1171 4367 color,
1186 4321 1236 4371 qua
1248 4307 1371 4355 matutina
1385 4306 1527 4355 rubescunt
1605 4316 1658 4363 m

117 4374 240 4423 vivacem
255 4373 363 4422 dill'crtis
379 4379 471 4421 annml
488 4374 544 4437 quis
555 4387 629 4435 posse
645 4380 749 4435 putaret
894 4375 1029 4435 Tempora,
1051 4376 1187 4437 palluerat,
1208 4376 1330 4441 latuitque
1347 4377 1371 4424 in
1388 4376 1497 4425 nubibus
1510 4380 1622 4433 aether.

117 4445 229 4493 Felicem
247 4444 385 4503 Priamum,
407 4450 464 4504 post
479 4442 565 4491 diruta
579 4443 714 4504 Pergama,
730 4443 801 4491 dicit
895 4442 931 4491 At
944 4458 993 4491 nou
1010 4445 1139 4505 impositos
1161 4447 1285 4507 supremis
1303 4447 1400 4508 ignibus
1416 4451 1489 4492 artus

117 4514 191 4563 Felix
208 4521 289 4562 morte
305 4527 351 4560 sua
367 4526 416 4560 nec
431 4519 466 4569 te,
480 4526 537 4560 mea
555 4519 625 4569 nata,
643 4517 802 4574 peremptam
819 4514 868 4561 440
894 4513 1019 4561 Sustinuit
1035 4522 1152 4576 spectare
1169 4530 1276 4577 parens;
1297 4516 1342 4563 sed
1356 4515 1425 4562 crine
1441 4516 1536 4580 soluto,

117 4583 245 4646 Adspicit,
272 4588 300 4631 et
319 4583 396 4629 vitam
410 4582 507 4643 pariter
527 4595 683 4644 regnumque
698 4582 809 4646 reliquit.
893 4583 964 4631 Siout
980 4590 1043 4642 erat,
1061 4586 1146 4647 magni
1161 4587 1267 4648 genibus
1284 4584 1449 4647 procumbere
1466 4598 1519 4633 non
1539 4590 1584 4637 est

119 4652 162 4712 lli,
175 4661 245 4715 puto,
265 4652 398 4701 funeribus
410 4650 543 4709 dotabere,
561 4651 630 4711 regia
644 4651 724 4712 uirgo,
894 4652 1039 4713 Dedignata
1054 4652 1131 4715 14414,
1145 4656 1304 4717 lacrimisque
1320 4655 1364 4702 has
1381 4654 1478 4702 addere
1493 4662 1653 4707 44444εὸ44

117 4721 299 4787 Condeturqnc
316 4730 386 4769 tuum
401 4721 570 4768 monumentis
587 4734 678 4782 corpus
697 4720 780 4769 avitis.
895 4722 1019 4771 Omnibus
1040 4721 1154 4783 inferior,
1169 4738 1233 4786 quas
1246 4726 1355 4771 stistinet
1367 4738 1460 4773 oureus
1476 4726 1583 4787 aether,

117 4791 174 4839 Non
195 4794 309 4840 14444444
323 4793 436 4840 Fortuna
454 4790 552 4838 domus.
586 4789 642 4836 Tibi
661 4804 766 4837 munera
781 4791 868 4837 matris
895 4792 960 4840 barn
976 4792 1036 4838 mihi
1054 4803 1113 4841 suut
1129 4798 1207 4841 totum
1218 4793 1346 4841 rarissima
1362 4795 1457 4855 templa
1479 4807 1528 4856 per
1548 4796 1652 4857 orbern,

169 4928 208 4970 ott
224 4926 320 4979 deflere.
360 4927 401 4970 4114
417 4923 536 4968 3411414444
551 4924 614 4967 codd.
627 4924 678 4967 Em.
692 4923 722 4967 11.
756 4924 1262 4983 48044444444411444444444144411144144
1284 4928 1342 4984 legit
1357 4928 1386 4971 11.
1400 4940 1413 4970 4
1427 4927 1490 4971 codd.
1503 4928 1553 4973 Sed
1567 4928 1651 4987 legere

115 4982 194 5023 osculo
209 4985 306 5025 amantis
321 4984 395 5036 potins
411 4980 471 5023 14444
486 4979 570 5023 lascire
588 4979 695 5029 ludentis,
708 4991 774 5033 qnsru
790 4980 871 5023 matris
885 4980 993 5026 aillietae.
1016 4983 1097 5025 Potest
1110 4985 1170 5026 enirn
1186 4984 1265 5038 legere
1279 4985 1356 5027 osenla
1371 4982 1430 5026 411411
1444 4996 1496 5026 esse
1510 4997 1581 5039 qusai
1597 5000 1650 5029 ear·

114 5035 642 5091 444444444441411444444441444441444444.
669 5035 742 5077 011444
772 5048 825 5078 4444
838 5048 872 5085 rc,
885 5035 943 5091 quud
958 5037 1058 5093 loglturr
1077 5044 1148 5092 atque
1162 5040 1195 5083 ita
1211 5046 1274 5083 recte
1287 5039 1366 5082 Latini
1379 5038 1489 5083 dixerunt
1502 5038 1585 5095 tegere
1599 5054 1648 5083 ars·

115 5093 203 5135 41444414
217 5091 323 5134 holitum.
338 5092 384 5135 1444
399 5104 454 5135 4444
468 5091 545 5135 osculn
560 5096 665 5135 mortuae
679 5102 723 5132 nors
737 5048 840 5134 4114444444
854 5104 886 5141 se,
898 5090 938 5134 sed
954 5100 1072 5148 petuntur.
1087 5093 1145 5137 11411
1159 5092 1251 5140 lection.
1266 5095 1346 5152 optimi
1359 5092 1408 5138 ood.
1422 5091 1515 5139 11444.
1550 5094 1593 5139 414
1603 5106 1648 5139 n-

116 5158 182 5192 noss.
222 5147 262 5191 441
277 5146 379 5191 sustollit
395 5147 424 5192 11.
438 5159 452 5190 4
465 5148 591 5205 44441444
605 5144 705 5197 ridetur,
718 5144 782 5192 codd.
820 5147 862 5191 444
875 5146 957 5201 laona,
972 5147 1116 5205 cynonens-
