3586 5498
348 327 382 376 r.
406 327 551 376 orrort
573 326 770 375 resonas
793 326 1229 376 unrsnosnttosror
1253 326 1340 374 tra
1364 318 1402 374 rt.
1578 302 1654 374 tot

99 501 141 551 Ab
156 500 257 563 qnnrier
270 500 318 564 pe‘r
331 513 395 548 saxa
412 511 505 548 000000
520 495 656 547 latratibus
667 504 728 549 acta
743 503 793 562 ert,
888 496 1025 546 Clauserat
1042 495 1143 546 Actaeo
1159 502 1234 547 testa
1248 495 1284 547 de
1303 497 1399 547 vimine
1419 496 1502 557 eistar

98 570 278 635 Venatrixque
295 573 517 617 metarenaotam
527 566 619 617 territa
633 564 715 629 iagiti
888 564 1088 630 Virginibusqae
1105 566 1196 629 tribas,
1211 567 1313 629 gernim
1325 565 1359 616 de
1377 566 1494 628 &crepe
1507 564 1584 627 natis,
1602 568 1653 613 000
1743 618 1746 623 ,

97 640 183 700 Saepe
199 637 343 688 i'erltlatnit
361 637 432 696 risis,
443 636 524 684 oblita
542 633 604 701 quid
622 641 702 699 esset,
888 634 967 683 Hanc
980 634 1065 696 legem
1079 633 1200 695 dederat,
1216 650 1263 684 tua
1280 649 1314 684 ne
1337 640 1439 684 secreta
1453 634 1583 683 riderent.

98 707 216 771 Urnaque
232 712 385 769 conspector
399 706 425 754 in
444 705 572 754 montibus
591 702 691 753 horruit
705 718 793 768 arton
890 702 988 752 Abdita
1004 700 1098 752 froude
1116 704 1167 751 leti
1187 703 1270 753 densa
1290 704 1445 767 speculabar
1459 704 1493 752 ab
1506 705 1584 764 ulmo,

98 776 288 839 Pertimuitqun
301 776 394 838 luposg
412 774 726 837 qaamrispaterettetin
744 774 864 824 11110000
889 771 958 822 (inid
974 768 1101 821 iacerent.
1120 773 1262 824 (1000001000
1278 773 1347 822 duae
1361 773 1416 821 sine
1429 769 1523 821 fraude
1537 776 1654 830 tuentur,

98 845 167 893 Ecce
178 845 324 907 Lycaoniae
340 845 435 905 proles,
449 844 539 905 ignara
554 842 680 904 parentis,
728 836 736 855 ⁸
888 840 1037 889 Pandrosos
1050 847 1129 904 atque
1145 840 1241 891 Herse.
1265 840 1380 891 ‘iimidat
1394 846 1471 890 vocat
1485 853 1536 889 uua
1552 854 1654 889 sorores

98 914 182 963 Arcas
198 912 282 971 adest,
299 919 339 961 ter
353 912 466 976 quinque
480 910 537 960 iere
556 911 685 959 nautibus
709 910 793 971 aetia;
890 909 1028 972 Aglauros,
1041 909 1173 973 nodosque
1189 924 1267 959 manu
1285 910 1403 960 diducit:
1423 916 1451 958 at
1463 910 1532 958 intur
1602 913 1655 956 000

99 984 218 1045 Dumque
242 980 312 1031 feras
331 981 456 1044 sequitur,
473 979 534 1030 dum
551 979 633 1028 saltos
649 980 722 1042 eligit
742 986 828 1042 aptot,
890 975 1074 1042 Infamemque
1094 978 1192 1040 rident,
1213 985 1448 1042 apporrectumque
1468 977 1617 1028 draconem.

99 1052 286 1115 Nexilibusque
311 1051 393 1112 plagis
412 1049 489 1099 tllras
510 1046 711 1110 Erymanthidas
729 1050 827 1108 amblt;
891 1046 957 1096 Acta
974 1046 1041 1095 deae
1052 1045 1155 1095 resero:
1174 1062 1222 1110 pro
1232 1061 1282 1110 quo
1300 1048 1360 1097 mibi
1379 1047 1463 1108 gratia
1479 1047 1538 1095 talis

99 1119 196 1168 incidit
217 1120 243 1167 in
264 1126 386 1168 matrem:
406 1131 472 1182 qaae
495 1116 590 1166 restitit
609 1115 715 1167 Arcade
732 1118 794 1182 riso,
814 1123 863 1168 000
891 1115 1029 1177 Redditur,
1045 1122 1074 1164 ut
1090 1115 1162 1164 dicar
1180 1118 1261 1165 tutela
1279 1117 1354 1180 pulsa
1369 1116 1515 1175 Minervae,

100 1190 135 1236 Et
151 1189 318 1250 cognoscenti
333 1187 420 1236 similis
437 1184 503 1234 fuit:
523 1186 567 1233 iiie
584 1183 691 1249 refugit,
890 1184 924 1233 Et
937 1198 1019 1247 ponar
1032 1191 1090 1247 post
1103 1185 1185 1233 noctis
1202 1199 1285 1235 arem.
1323 1186 1386 1234 Mea
1399 1198 1484 1247 poena
1502 1184 1619 1232 volucres

101 1257 276 1321 immotosque
291 1258 377 1305 oculos
396 1256 421 1302 10
442 1268 471 1303 se
486 1255 541 1303 sine
555 1253 608 1302 line
624 1258 759 1304 tenentem
891 1252 1063 1302 Admonuitse
1079 1264 1175 1316 potest,
1191 1269 1224 1302 ne
1244 1269 1307 1303 voce
1320 1256 1435 1317 pericula
1448 1258 1585 1318 quaerant.
1605 1255 1655 1299 000

100 1327 209 1374 Nescius
234 1325 364 1385 extimuit,
383 1325 538 1388 propiusque
561 1323 688 1373 taedere
705 1323 796 1374 arenti
891 1323 937 1383 At,
952 1328 1023 1384 puto,
1042 1336 1094 1371 non
1113 1323 1189 1383 ultro,
1207 1324 1409 1388 necquidquam
1425 1324 1479 1372 taio
1500 1327 1635 1384 rogantem

100 1394 231 1443 Vulniiico
249 1393 336 1442 fuerat
356 1391 456 1442 fixurus
478 1396 586 1454 pectora
606 1392 666 1441 telo.
890 1391 936 1439 Me
951 1390 1034 1453 petiit.
1070 1390 1133 1453 lpta
1151 1391 1213 1440 iicet
1233 1392 1281 1440 hoc
1295 1407 1311 1440 a
1325 1391 1436 1441 Pallade
1455 1405 1585 1455 quaeras;

100 1464 194 1513 Arcuit
204 1462 387 1524 limnipotent,
394 1462 544 1525 pariterque
554 1461 675 1525 ipsosque
681 1457 806 1524 nefasque
814 1462 865 1507 000
891 1459 1015 1510 Quamvis
1029 1459 1097 1508 irata
1112 1466 1162 1522 est,
1176 1475 1228 1509 non
1246 1462 1294 1509 hoc
1307 1462 1373 1510 irata
1391 1461 1506 1527 negabit.

100 1533 227 1591 Sustulit;
246 1539 274 1580 et
287 1531 367 1580 celeri
382 1538 471 1594 raptos
485 1544 533 1594 per
549 1530 637 1578 inania
654 1534 733 1579 rento
892 1530 958 1578 ham
974 1542 1014 1575 me
1033 1528 1163 1577 Phocaica
1181 1529 1265 1578 clarus
1283 1532 1377 1580 tellure
1390 1531 1524 1578 Coroneus

100 1601 226 1663 Imposuit
244 1601 326 1661 eonio,
343 1599 477 1664 vicinaque
490 1598 578 1648 sidera
596 1596 669 1647 iecit.
890 1597 976 1661 (Nota
988 1595 1092 1662 loquor)
1105 1597 1203 1660 gennit,
1210 1596 1363 1662 fueramque
1375 1613 1423 1660 ego
1433 1598 1504 1659 regia
1515 1596 1597 1658 virgm
1605 1599 1656 1645 010

101 1670 228 1719 intumuit
242 1669 317 1728 luno,
334 1676 470 1733 postquam
483 1669 552 1717 inter
566 1666 652 1718 sidera
672 1665 761 1727 pellex
891 1664 1070 1729 Divitibutque
1086 1666 1180 1727 procis,
1202 1682 1236 1716 ne
1250 1682 1292 1716 me
1305 1678 1453 1728 contemne,
1467 1667 1586 1729 petebas.

100 1740 200 1797 Fulcit3
220 1744 248 1786 et
266 1736 300 1787 ad
320 1752 411 1786 canam
428 1735 567 1786 descendit
581 1737 606 1785 in
624 1748 738 1798 aequora
751 1733 866 1796 Tethyn,
891 1736 985 1784 Forma
1001 1734 1062 1783 mibi
1074 1735 1176 1785 nocuit:
1195 1751 1255 1786 nam
1269 1751 1345 1801 quum
1361 1750 1408 1799 per
1421 1736 1497 1784 litora
1511 1735 1588 1783 lentis

101 1809 288 1871 Oceanumque
304 1820 410 1855 senem:
426 1820 533 1870 qnorum
552 1803 700 1853 reverentia
717 1803 797 1851 movit
816 1807 866 1850 010
891 1804 1024 1866 Partibus,
1044 1809 1072 1853 ut
1083 1804 1163 1867 soleo,
1183 1818 1281 1855 summa
1300 1806 1427 1868 spatiarer
1443 1818 1533 1866 arena,

101 1878 186 1938 Saepe
202 1875 280 1934 deot;
300 1888 456 1939 auumque
475 1875 534 1923 riae
551 1872 703 1923 scitantibus
723 1869 798 1921 iniit:
892 1872 976 1933 Vidit,
992 1877 1019 1920 et
1034 1873 1141 1923 incaluit
1157 1874 1243 1937 pelagi
1256 1874 1339 1924 deut:
1358 1881 1438 1938 utque
1453 1871 1586 1936 precando

101 1944 243 2005 Quaeritis,
258 1944 382 1994 aetheriis
397 1958 477 2007 qnare
490 1943 581 2006 regina
592 1940 699 1990 deorum
890 1942 1020 2003 Tempora
1032 1956 1090 1991 com
1107 1942 1208 1993 blandis
1221 1944 1381 2006 contempnit
1397 1943 1486 1992 iuania
1497 1942 1592 2000 uerbis3
1606 1944 1657 1989 010

101 2013 212 2063 Sedibae
228 2015 279 2063 hac
293 2011 394 2061 adtimt
412 2026 459 2074 pro
474 2026 515 2061 me
531 2017 606 2060 tenet
620 2011 704 2060 altera
720 2009 830 2058 coelom
892 2011 951 2059 Vim
966 2016 1052 2073 parat,
1065 2014 1093 2058 et
1105 2012 1229 2075 sequitur.
1258 2011 1350 2075 Pugio,
1362 2010 1523 2074 densumque
1539 2011 1658 2073 relinquo

101 2082 225 2141 Mentior,
239 2082 386 2142 obscurum,
401 2080 460 2139 niti,
472 2095 523 2129 uox
543 2093 621 2144 quum
644 2076 738 2127 fecerit
748 2077 849 2135 orbem,
892 2079 974 2138 Litus,
990 2084 1018 2126 et
1033 2077 1059 2127 in
1072 2080 1142 2127 molli
1161 2079 1334 2144 nequidquam
1355 2082 1437 2130 lassor
1451 2094 1541 2129 arena.

102 2152 194 2212 Nuper
210 2152 350 2199 honoratas
363 2163 471 2208 summo,
491 2162 551 2196 mea
566 2149 684 2208 vulnera,
707 2145 780 2195 coeio
816 2150 866 2195 010
891 2146 1045 2208 indedeos,
1063 2147 1229 2212 hominesque
1247 2162 1326 2206 roco;
1345 2162 1395 2197 nec
1415 2148 1523 2209 configit
1541 2149 1621 2195 nilum

103 2218 227 2269 videritis
247 2219 336 2268 stelias
349 2218 410 2278 lille,
428 2217 471 2265 nbi
488 2217 598 2265 circulus
615 2229 692 2263 axem
893 2216 952 2265 Vox
965 2229 1023 2264 mea
1039 2217 1184 2266 mortalem.
1219 2216 1293 2264 Mota
1308 2223 1349 2266 est
1364 2231 1412 2279 pro
1424 2217 1524 2277 virgine
1541 2217 1622 2278 virgo.

102 2287 213 2336 Ultimus
230 2292 384 2345 extremum,
399 2285 535 2349 spatioque
551 2283 726 2345 brevhrimot,
740 2282 831 2332 arabit.
892 2282 1076 2347 Auxiliumque
1098 2285 1167 2333 tulit.
1201 2284 1351 2334 Tendebam
1373 2285 1478 2334 brachia
1496 2285 1585 2333 coelo:
1606 2287 1657 2332 080

103 2356 149 2404 Est
164 2369 234 2418 aero,
251 2368 298 2402 cur
313 2355 369 2417 quit
386 2353 513 2403 lunonem
524 2352 632 2402 laedere
645 2352 719 2412 nolit,
894 2353 1005 2402 Brachia
1018 2348 1162 2416 coepeiunt
1179 2353 1277 2402 levibus
1291 2354 1439 2416 nigrescere
1456 2352 1559 2416 pennis.

103 2423 290 2486 Offensamqne
305 2426 409 2483 inruat,
422 2436 489 2487 qnae
508 2435 613 2485 protom
628 2421 682 2470 sola
695 2417 832 2469 nocendot
894 2422 1011 2471 iteiicere
1030 2436 1064 2469 ex
1085 2420 1197 2471 homerio
1218 2428 1317 2472 restem
1334 2424 1456 2472 mollbar:
1472 2428 1504 2473 ,01
1515 2422 1560 2470 1110

103 2493 153 2554 En,
172 2507 220 2555 ego
235 2497 360 2557 quantum
382 2487 439 2554 egi!
455 2506 533 2556 quam
548 2498 622 2540 rasta
644 2489 762 2553 potentia
779 2494 867 2539 nostra
892 2491 985 2540 Pluma
998 2496 1065 2552 erat,
1077 2491 1155 2555 inque
1168 2495 1253 2540 cutem
1269 2491 1370 2542 radicet
1384 2498 1475 2555 egerat
1485 2491 1559 2540 imas.

533 2558 590 2610 est!
816 2562 868 2607 000
892 2560 1023 2622 Plangere
1039 2558 1109 2608 ouria
1126 2560 1190 2609 meis
1206 2562 1318 2610 conabar
1338 2569 1446 2625 pectora
1466 2560 1576 2622 palmia:
1595 2557 1659 2621 [000

104 2630 168 2677 iisse
181 2628 309 2677 hominem
324 2630 412 2678 retnis
429 2626 500 2678 tacta
511 2635 552 2679 est
568 2627 629 2678 dea.
647 2627 691 2677 Sic
705 2640 754 2690 ego
768 2640 867 2691 poeuat
892 2629 945 2678 Sed
962 2642 1047 2692 oeque
1065 2628 1116 2677 iam
1134 2630 1243 2692 palmas,
1260 2645 1310 2680 nec
1324 2637 1432 2694 pectora
1444 2630 1515 2679 nuda
1526 2629 1658 2691 gerebam.

103 2696 224 2746 Sentibus
238 2698 356 2760 impono3
375 2698 412 2747 tic
424 2704 465 2747 ert
485 2713 544 2747 mea
559 2711 654 2759 magua
671 2701 797 2758 potestat.
892 2698 1050 2747 currebam:
1071 2713 1129 2757 nec,
1149 2703 1178 2746 ut
1192 2705 1263 2759 ante,
1283 2699 1365 2762 pedes
1387 2700 1518 2749 retinebat
1533 2711 1624 2755 arena,

105 2767 228 2816 Vindicet
243 2767 375 2830 antiquam
390 2764 493 2828 faciem,
513 2767 650 2831 voltusque
670 2764 766 2815 ieriaor
892 2767 946 2817 Sed
965 2779 1064 2816 summa
1088 2768 1199 2816 tollebar
1216 2768 1308 2828 bumo;
1328 2784 1387 2819 moa
1408 2776 1467 2817 acta
1485 2781 1532 2829 per
1547 2780 1624 2815 anras

104 2837 249 2894 Detrahat3
270 2836 390 2899 Argolica
405 2835 473 2900 quod
490 2843 518 2887 et
538 2841 601 2885 ante
619 2834 769 2884 Phoronide
787 2831 866 2883 iecit:
893 2836 1006 2894 Evelrnr,
1029 2840 1057 2883 et
1074 2835 1138 2885 (iata
1154 2850 1209 2884 tum
1228 2850 1314 2889 comet
1330 2839 1464 2901 inculpata
1477 2838 1622 2884 Minervae.

103 2906 156 2952 Cur
178 2919 228 2952 nun
248 2912 275 2952 et
290 2906 364 2966 pulta
381 2903 460 2955 ducat
474 2904 585 2968 Iunone,
608 2918 717 2968 meoque
816 2907 867 2951 tat
893 2905 963 2957 Quid
979 2911 1066 2953 tamen
1082 2907 1131 2953 boc
1145 2904 1261 2967 prodest,
1281 2909 1303 2956 si
1319 2907 1376 2957 diro
1392 2906 1462 2956 faeta
1480 2903 1589 2954 volucris

103 2975 219 3021 (inilncet
235 2975 261 3021 in
283 2975 404 3034 thalamo,
421 2987 589 3038 tonsumque
607 2973 728 3036 Lycaona
746 2978 850 3022 0000001
893 2972 1006 3023 Crimine
1026 2972 1181 3037 Nyctimene
1205 2982 1294 3024 nostro
1314 2977 1438 3026 tuccessit
1454 2974 1563 3023 honorii
1606 2976 1658 3021 000

104 3042 140 3091 Al
155 3057 199 3090 vot
213 3043 234 3090 si
250 3045 338 3092 laesae
357 3048 522 3106 contemptur
538 3042 622 3104 tangit
639 3043 770 3102 alumnae,
895 3043 946 3104 An,
963 3051 1031 3106 qnae
1047 3058 1096 3105 per
1111 3049 1191 3092 totam
1209 3058 1251 3092 res
1271 3052 1310 3094 ett
1327 3046 1462 3095 notissima
1477 3043 1589 3103 Lesbon,

103 3112 212 3174 Gurgite
229 3113 350 3160 caeruleo
376 3117 477 3175 septem
497 3112 633 3175 prohibete
651 3111 771 3172 Triones,
894 3112 953 3161 Non
975 3111 1065 3160 audita
1078 3111 1124 3162 tibi
1143 3118 1201 3161 estt
1218 3114 1330 3175 patrium
1345 3118 1488 3163 temerante
1504 3112 1589 3161 cubile

104 3180 248 3244 Sideraque
263 3180 289 3228 ln
307 3182 379 3229 coeio
400 3181 483 3243 stupri
495 3179 616 3230 mercede
628 3185 736 3242 recepta
895 3181 1083 3244 Nyctimenen?
1100 3181 1156 3230 avis
1171 3182 1216 3229 illa
1228 3182 1348 3245 quidem:
1367 3182 1414 3232 ted
1430 3181 1533 3231 murcia
1548 3180 1642 3240 cnlpae

104 3248 209 3309 Pellite,
232 3262 265 3296 ne
288 3263 354 3310 puro
374 3250 490 3312 tingatur
510 3250 535 3298 in
551 3261 665 3313 aequore
683 3248 781 3311 pellex.
818 3251 868 3298 tao
893 3250 1068 3313 conspectum
1086 3251 1221 3315 lucemque
1236 3249 1312 3315 fugit,
1329 3251 1496 3314 tenebrisque
1514 3248 1639 3311 pudorem

104 3317 138 3364 Di
155 3317 233 3364 maris
255 3324 420 3377 annuerant..
448 3316 537 3367 Habiti
554 3316 772 3367 Saturniacnrru
893 3318 979 3377 Celet,
1000 3324 1029 3366 et
1046 3332 1062 3365 a
1076 3320 1176 3368 cunctis
1191 3321 1331 3382 expellitur
1346 3320 1455 3368 aethere
1471 3323 1535 3367 toto.
1607 3321 1658 3364 000

105 3384 255 3445 ingreditur
273 3385 398 3447 liquidam
417 3387 562 3448 „sonibus
583 3399 645 3435 aera
664 3385 757 3447 pictisr
892 3388 966 3436 Talia
981 3385 1089 3446 dicenti,
1106 3388 1174 3447 Tibi,
1186 3387 1232 3446 ait,
1249 3389 1535 3448 revocamina,cortus,

103 3453 167 3500 ‘i'am
190 3466 275 3514 nuper
284 3453 361 3515 pictis
378 3466 454 3502 caeso
475 3454 616 3514 pavonibus
632 3452 713 3516 Argo,
894 3455 953 3504 Sint
966 3468 1059 3516 precor
1075 3455 1124 3502 ista
1139 3456 1220 3502 nralo:
1239 3470 1286 3505 not
1298 3469 1392 3505 vanum
1412 3454 1557 3518 spernimur
1571 3466 1659 3503 omen.

105 3520 190 3571 Quam
205 3525 233 3569 tu
251 3534 335 3581 nuper
350 3534 418 3583 erat,
435 3535 513 3584 quom
527 3520 652 3571 candidos
675 3530 737 3571 ante
748 3519 851 3580 salutet,
895 3523 951 3572 Nec
973 3527 1092 3584 coeptam
1112 3522 1218 3571 dimittit
1233 3524 1301 3583 iter3
1319 3524 1475 3589 dominoque
1495 3523 1624 3572 iacentem

106 3590 191 3638 Corte
206 3589 310 3653 loquax,
320 3588 404 3639 subito
420 3590 553 3650 nigrantes
566 3603 656 3639 sersus
672 3590 698 3639 lu
716 3591 781 3640 aias.
818 3595 867 3640 tat
894 3592 960 3641 Cum
975 3591 1069 3639 iurene
1085 3590 1231 3640 Haemonio
1249 3592 1344 3642 vidisse
1358 3593 1488 3647 Coronida
1505 3597 1604 3642 narrat.

105 3658 173 3708 Nam
194 3656 245 3707 t'nit
265 3658 331 3707 haee
345 3657 475 3722 quondam
497 3658 579 3708 nireit
596 3666 723 3718 argentea
739 3660 834 3722 pennis
894 3662 996 3711 Laurea
1010 3659 1117 3723 delapsa
1137 3664 1185 3721 est,
1196 3662 1409 3723 auditocrimine,
1421 3660 1537 3720 amanti;
1607 3665 1661 3710 000

106 3728 180 3788 Ales,
198 3734 228 3776 nt
245 3733 374 3791 aequaret
394 3733 461 3776 totas
477 3727 532 3775 siue
547 3727 606 3776 lohe
623 3727 765 3791 columbas,
895 3730 929 3779 Bt
948 3729 1048 3792 pariter
1064 3730 1201 3793 vultusque
1222 3731 1282 3793 deo,
1297 3734 1485 3796 plectrumque,
1502 3732 1623 3794 colorque

105 3798 163 3846 Nec
178 3797 320 3846 serraturis
337 3796 406 3858 uigili
426 3796 556 3859 Capitolia
573 3810 636 3845 roce
895 3798 1009 3848 Excidit.
1046 3797 1133 3863 thue
1148 3801 1248 3850 animus
1264 3802 1363 3850 tumida
1383 3800 1504 3851 fervebat
1521 3801 1555 3849 ab
1576 3800 1625 3858 ira,

104 3865 220 3915 cederet
236 3866 381 3926 anseribus,
401 3880 450 3914 nec
469 3866 567 3914 amanti
583 3864 689 3915 tiumlna
708 3878 799 3928 cyeno.
896 3867 976 3917 Arma
990 3872 1095 3917 astneta
1109 3870 1188 3930 rapit,
1201 3870 1350 3934 flexumque
1369 3871 1516 3919 acornibns
1534 3882 1624 3917 arcum

108 3935 208 3996 Lingua
222 3934 271 3983 init
281 3934 390 3984 domno:
409 3936 497 3996 lingua
510 3933 623 3984 iaciente
637 3933 747 3997 loquaci,
819 3936 869 3982 000
892 3936 1000 3995 Tendit,
1014 3943 1042 3985 et
1056 3936 1101 3986 illa
1116 3950 1163 3987 tao
1182 3940 1260 3988 toties
1278 3955 1335 3989 cum
1354 3946 1461 4002 pectore
1474 3938 1562 3987 iuncta

106 4005 154 4053 Coi
169 4006 240 4052 color
254 4005 329 4053 albus
345 4009 417 4064 erat,
432 4018 501 4052 nunc
516 4011 557 4052 est
575 4002 720 4052 contrarios
731 4002 800 4052 albo.
895 4005 1046 4055 indevitato
1064 3998 1168 4055 traie'cit
1186 4015 1294 4071 pectora
1313 4011 1375 4058 telo.
1608 4008 1660 4054 000

106 4072 241 4121 Pulchrior
253 4073 279 4120 10
295 4079 360 4133 tota,
371 4087 446 4136 quarn
463 4073 598 4122 Larissaea
611 4071 730 4122 Coronis.
895 4075 953 4124 icta
969 4074 1044 4123 dedit
1059 4075 1192 4137 gemitum,
1210 4084 1344 4141 tractoque
1363 4092 1380 4125 a
1400 4077 1508 4125 vulnere
1526 4074 1608 4137 i'erro,

107 4141 164 4188 Nou
181 4139 229 4190 fuit
243 4140 397 4192 Haemonia.
433 4141 537 4190 Placuit
549 4143 605 4203 tibi,
618 4141 755 4203 Delphice,
769 4146 852 4203 certe,
894 4143 1015 4192 Candida
1034 4144 1145 4204 puniceo
1164 4145 1280 4205 perfudit
1302 4147 1418 4195 membra
1433 4159 1536 4205 cruore,

107 4209 173 4257 Dum
188 4211 229 4258 rei
245 4217 317 4259 carta
329 4209 387 4271 fait,
401 4211 444 4259 rei
460 4211 634 4261 inobservata.
671 4208 724 4259 Sed
744 4209 800 4258 aies
895 4212 931 4260 Et
947 4211 1024 4271 dixit,
1035 4212 1111 4259 Potui
1122 4227 1219 4274 poenas
1232 4216 1287 4273 tibi,
1300 4216 1417 4274 Phoebe,
1431 4214 1554 4273 dedisce,

106 4278 194 4327 Sentit
210 4279 367 4328 adulterium
387 4280 549 4339 Phoebeius3
568 4286 648 4345 utque
670 4280 797 4328 latentem
816 4282 867 4327 000
895 4280 948 4331 Sed
961 4281 1095 4344 peperisse
1115 4282 1199 4343 prins:
1220 4286 1272 4334 duo
1286 4299 1355 4334 nunc
1369 4284 1508 4334 moriemur
1518 4284 1544 4332 in
1564 4295 1625 4330 una.

107 4347 250 4408 Deteperet
269 4350 372 4412 culpam
391 4364 441 4397 oon
457 4348 594 4398 exorabilis
612 4348 701 4408 index,
895 4350 1045 4408 Hactenus;
1064 4356 1092 4398 et
1107 4353 1206 4413 pariter
1224 4354 1301 4403 vitam
1317 4369 1374 4403 cum
1388 4353 1513 4416 sanguiue
1524 4351 1661 4405 indimota

108 4414 151 4464 Ad
167 4415 297 4467 dominum
321 4416 447 4467 tendebat
465 4419 524 4467 lter.
560 4418 644 4467 Ouern
657 4419 761 4480 garrula
776 4417 852 4467 nnus
895 4420 995 4482 corpus
1015 4419 1091 4467 irtane
1112 4422 1213 4472 animae
1235 4422 1316 4486 frigus
1335 4425 1414 4473 letale
1435 4427 1552 4475 secutum
1575 4429 1625 4475 est.

107 4484 278 4547 Consequitur
295 4488 398 4548 pennis,
415 4487 524 4535 scitetur
536 4492 566 4535 ut
584 4488 679 4545 omnia.
693 4487 799 4549 cornix3
894 4489 1018 4538 Poenitet
1035 4485 1102 4537 heu!
1121 4504 1179 4539 sero
1193 4506 1296 4555 poenae
1313 4493 1427 4543 crudelis
1439 4500 1589 4555 amantem3

108 4551 257 4617 Audireque
276 4555 333 4603 tiae
352 4570 440 4613 00000,
460 4555 518 4605 Non
533 4555 597 4604 utile
609 4557 703 4618 carpis,
895 4558 992 4620 Seque,
1007 4557 1076 4621 quod
1090 4560 1212 4620 audierit,
1227 4561 1295 4626 quod
1310 4564 1347 4612 sie
1367 4562 1505 4625 exarserit,
1520 4563 1590 4613 odit:

106 4621 204 4684 iuquit.
218 4622 282 4670 iter:
302 4636 335 4671 ne
348 4637 444 4687 sperne
458 4638 532 4673 meae
550 4627 686 4687 praesagit
697 4625 811 4687 liuguae.
818 4628 870 4674 000
896 4626 963 4677 Odit
978 4640 1063 4685 arem.
1078 4641 1126 4689 per
1138 4644 1216 4693 quam
1232 4632 1330 4681 crimen
1348 4646 1505 4696 causamque
1518 4631 1625 4682 dolendi

107 4690 177 4741 Qnul
188 4688 289 4752 inerim,
298 4691 359 4754 quid
374 4694 482 4759 simque,
491 4693 561 4753 ride,
567 4695 738 4758 meritumque
748 4693 868 4757 require:
895 4695 968 4745 Scire
988 4702 1094 4746 coactrrt
1115 4704 1182 4761 erat,
1198 4714 1368 4767 nervumque,
1380 4715 1531 4765 arcamque,
1544 4715 1661 4753 manum·

108 4759 232 4808 iuvenies
246 4759 364 4809 nocuirse
377 4760 466 4821 tidem.
502 4762 569 4812 Nam
588 4769 706 4827 ternpore
722 4761 834 4827 quodam
1325 4784 1377 4835 que
1607 4777 1660 4824 ott

107 4828 195 4878 Pallas
208 4828 412 4892 Erichthonium,
426 4831 525 4894 prolem
537 4831 595 4882 siue
611 4838 698 4909 matre
709 4836 835 4895 meane,
896 4832 972 4897 Odit,
988 4847 1098 4900 cumque
1115 4849 1193 4886 mana
1208 4839 1350 4917 1000000010
1372 4841 1434 4903 tela,
1448 4839 1576 4901 uglttas3

161 4965 203 5009 tn
221 4965 382 5018 aesimon
396 4964 437 5008 srs
450 4958 539 5021 potr.
555 4966 662 5013 unat·
696 4967 793 5033 uass.
853 4970 892 5015 tu
909 4969 972 5026 opu
983 4968 1032 5014 ar.
1060 4948 1281 5028 muniamini,
1304 4972 1378 5019 tom
1392 4977 1499 5031 pivs-u.
1554 4980 1593 5024 sn
1613 4980 1664 5034 par

106 5019 176 5064 eninr.
190 5021 276 5064 Probat
292 5019 309 5063 i.
364 5019 527 5081 bibvgeminas
541 5022 649 5077 Oeerept,
678 5037 763 5078 nqeue,
777 5023 877 5068 hominia
890 5032 916 5067 et
929 5026 1037 5068 00000010
1050 5040 1154 5081 corpore.
1209 5028 1401 5084 0000000000,
1415 5033 1490 5076 invita
1504 5034 1662 5079 inritauerat

106 5075 232 5118 adtoniti
273 5076 315 5116 too
329 5087 378 5128 sqq.
393 5075 495 5128 hretia.
509 5076 598 5131 Epopei
612 5078 649 5120 rei
665 5078 758 5133 Nyctei,
771 5080 875 5123 lesbios.
889 5081 952 5135 regit
967 5081 1026 5132 iiiia,
1037 5095 1053 5125 a
1067 5089 1135 5138 patro
1149 5096 1192 5138 per
1208 5084 1256 5128 rim
1270 5096 1408 5141 eempreua,
1421 5088 1460 5131 vei
1475 5089 1526 5143 ipra
1538 5090 1663 5135 scelerato.

108 5130 372 5230 garamantum&
384 5141 464 5230 aaa
470 5131 519 5175 reti
533 5144 624 5189 0000000
637 5132 701 5179 taeta
714 5140 786 5190 00001,
798 5146 856 5193 prae
868 5134 959 5192 pedore
972 5135 998 5181 10
1008 5135 1082 5184 011000
1090 5136 1192 5194 atterit,
1204 5138 1390 5187 etaPailadeia
1398 5148 1690 5213 arsetas-estuantiax
