3586 5498
260 320 337 394 eut
556 344 587 392 e.
613 342 754 391 ournrr
787 341 970 392 susurru
997 338 1236 391 nnsoroae.
1260 339 1403 389 arrsr.
1428 341 1502 391 vm.

403 516 430 576 Β
451 514 477 576 Ρ
498 514 509 576 Ι
532 514 553 575 S
574 515 603 576 Τ
625 516 652 574 0
675 517 700 577 Ι,
721 516 748 577 Α
789 514 869 577 Vlii,
1041 515 1097 565 Hes
1116 515 1181 564 solas
1195 514 1278 562 babeo
1294 527 1406 575 semper,
1422 527 1576 577 semperque
1598 512 1746 577 profusior

1076 584 1192 633 Humcnt
1210 585 1322 632 incultae
1340 583 1411 631 fonte
1430 597 1545 645 perenne
1564 599 1657 646 genae.

260 651 375 715 Pyrrhus
392 650 543 710 Achillides,
558 650 686 698 animosus
698 647 807 709 imagine
821 649 911 711 putris,
1040 653 1098 703 Hoc
1114 652 1215 715 generis
1229 653 1293 714 fato,
1305 652 1373 717 quod
1391 660 1491 701 nostros
1509 660 1580 701 errat
1593 654 1618 701 in
1636 668 1727 715 annos,

294 722 422 769 inclusum
440 727 530 769 contra
547 721 637 783 iusque
656 718 776 781 piumque
794 723 875 768 tenet.
1073 722 1221 772 Tantalides
1239 727 1335 772 matres
1352 729 1414 784 epta
1431 723 1522 784 rapina
1540 736 1635 772 sumus.

259 790 335 842 Quod
354 791 434 852 potui,
452 790 544 849 renni;
563 806 596 838 ne
615 803 664 836 non
683 788 763 835 invite
780 792 903 838 tenerer:
1040 794 1097 842 Non
1111 808 1159 855 ego
1174 791 1289 840 fluminei
1298 790 1409 840 rel'eram
1425 791 1560 840 mendacia
1573 791 1658 855 cygni,

293 861 387 909 Cetera
405 857 532 907 femineae
551 874 601 907 non
620 858 726 906 valuere
744 871 842 909 munus.
1074 863 1130 911 Nec
1147 876 1240 926 querar
1258 862 1283 909 in
1302 861 1393 924 plumis
1412 860 1544 910 delituisse
1563 861 1660 910 iorem.

257 929 326 981 Quid
337 928 410 985 11011,
423 928 554 977 Atticille?
572 943 622 977 0011
640 941 695 977 111111
714 926 769 975 11111
786 926 896 986 Vindice,
909 925 978 976 111111
997 930 1012 974 ⁶
1039 932 1098 983 Qus
1117 930 1168 979 duo
1191 937 1323 993 porrectus
1338 932 1413 992 longe
1435 929 1502 979 fretu
1517 929 1625 979 distinet
1639 930 1762 992 lsttsnsr,

292 999 368 1048 Haec
385 999 429 1047 libi
446 999 491 1047 sub
509 998 620 1058 domino,
635 997 744 1059 Pyrrhe,
761 997 847 1058 puella
866 1011 912 1046 suo
930 1003 978 1047 est.
1073 1001 1157 1049 Vecta
1175 1000 1316 1062 peregrinis
1335 999 1509 1061 Hippodamia
1532 1000 1602 1049 rotis.

257 1068 363 1118 Surdior
382 1069 423 1116 ille
441 1067 509 1117 freto
526 1069 680 1116 clamantem
698 1079 790 1113 nomeu
810 1066 911 1115 Orestis
1038 1069 1138 1120 Castori
1156 1070 1296 1131 Amyclaeo
1314 1077 1341 1118 et
1359 1069 1500 1132 Amyclaeo
1518 1069 1617 1118 Polluci

290 1139 381 1187 'inarsit
399 1138 522 1186 inornatis
540 1138 565 1184 in
584 1151 631 1185 sua
648 1140 718 1184 tecla
735 1135 822 1184 cornis.
1073 1139 1184 1188 Reddita
1203 1140 1339 1201 Mopsopia
1355 1139 1479 1188 honeris
1498 1140 1560 1186 urbe
1582 1153 1662 1187 soror.
1761 1142 1791 1188 7·

256 1209 325 1258 Quid
338 1209 438 1270 gravius
454 1214 532 1269 captu
544 1205 739 1256 lacedaemone
762 1219 837 1253 serva
855 1205 978 1264 tulissem,
1036 1209 1168 1269 Taenaris,
1184 1209 1264 1256 idaeo
1287 1214 1357 1257 trans
1372 1223 1467 1271 aequor
1479 1209 1512 1256 ab
1528 1209 1629 1270 bospite
1641 1213 1727 1270 raptu,

290 1279 317 1326 Si
335 1283 440 1340 reperet
458 1276 549 1326 Graias
567 1277 676 1325 burbarn
694 1275 769 1322 turba
787 1280 885 1323 nurusl
980 1277 1011 1322 10
1072 1279 1204 1341 Argolicas
1223 1294 1269 1340 pro
1288 1293 1315 1326 se
1336 1278 1414 1325 vertit
1432 1278 1456 1325 in
1474 1293 1546 1326 arms
1563 1293 1661 1326 manus.

255 1346 362 1396 Porcius
381 1346 581 1396 Andromachen
599 1344 703 1393 vexavit
720 1343 820 1392 Achaia
837 1343 937 1405 victrix,
1038 1349 1087 1396 Vix
1103 1347 1220 1412 equidem
1235 1348 1350 1407 memini3
1370 1347 1472 1394 memini
1484 1354 1585 1396 tamen:
1604 1347 1689 1396 urnula
1701 1347 1788 1396 luctus

289 1418 374 1468 Quum
393 1417 498 1465 pansus
517 1416 642 1478 Phrygius
661 1418 748 1462 ureret
766 1414 830 1474 ignis
852 1428 924 1476 opes.
1071 1419 1165 1467 Omnia
1183 1418 1282 1466 solliciti
1300 1419 1378 1479 plens
1394 1416 1491 1465 timoris
1510 1422 1594 1465 erant.
1694 1462 1699 1471 „

255 1483 292 1535 lt
311 1497 347 1546 tu,
366 1500 427 1535 cura
445 1486 495 1534 mei
513 1487 534 1534 si
552 1493 578 1534 te
597 1485 639 1548 pia
656 1484 748 1544 saurir,
768 1483 872 1543 Oreste,
1037 1488 1130 1536 Flebat
1142 1501 1214 1547 avus,
1223 1487 1378 1549 Phoebeque
1390 1500 1469 1545 soror,
1481 1484 1625 1549 fratresque
1634 1486 1789 1548 gemellis?

197 1571 202 1588 ·
290 1557 370 1604 inlice
389 1570 438 1604 non
457 1555 559 1605 tirnidss
577 1556 602 1603 in
621 1562 666 1603 tue
685 1553 741 1600 iura
759 1566 858 1601 manus.
1072 1558 1171 1606 orabat
1190 1570 1296 1618 superor
1314 1556 1395 1614 Leda,
1414 1569 1537 1619 suumque
1556 1554 1654 1603 iorem.

254 1627 307 1683 ibn,
326 1626 347 1675 si
365 1626 419 1690 quis
437 1626 521 1686 rapiat
537 1625 644 1673 stabulis
662 1628 779 1670 armenta
793 1621 908 1682 reclusis,
979 1624 1009 1670 lt
1036 1627 1098 1689 ipra
1115 1641 1172 1688 ego,
1194 1642 1244 1674 non
1260 1627 1347 1688 longos
1363 1625 1439 1673 etiam
1461 1640 1528 1673 nunc
1551 1625 1628 1674 scissa
1644 1623 1759 1685 capillos,

253 1725 257 1733 -
289 1697 370 1745 Arma
387 1694 471 1743 seras:
491 1701 566 1757 rapta
583 1693 700 1754 coniuge,
719 1692 803 1740 lentus
822 1693 888 1740 erlsl
1071 1697 1233 1744 clamabam:
1253 1696 1307 1744 sine
1324 1710 1373 1756 me,
1396 1709 1437 1742 me
1456 1695 1520 1753 sine,
1542 1700 1632 1754 mater,
1651 1693 1723 1741 abisl

253 1766 292 1816 sit
312 1779 384 1814 socer
406 1767 534 1826 exemplo,
550 1770 646 1825 nuptae
664 1763 788 1823 repetitor
803 1760 957 1824 ademptae:
1039 1766 1103 1813 Nam
1121 1767 1213 1813 coniux
1232 1766 1331 1813 aberat.
1368 1764 1408 1812 Ne
1428 1779 1477 1812 non
1497 1764 1620 1825 Pelopeia
1638 1762 1740 1824 credar,

288 1836 336 1883 Coi
355 1835 397 1896 plu
416 1834 520 1881 militiae
538 1848 615 1881 ceusu
633 1832 719 1894 puella
737 1830 793 1878 fuit.
1072 1835 1137 1883 Ecce
1158 1836 1326 1896 Neoptolemo
1344 1833 1441 1895 prseda
1460 1841 1550 1895 parata
1572 1831 1617 1882 fui.

211 1919 212 1923 ¹
252 1904 279 1952 si
298 1917 370 1953 socer
387 1905 493 1963 ignarus
512 1903 588 1950 vidua
606 1901 738 1951 stertisset
754 1899 779 1947 in
798 1900 873 1960 sula,
1036 1904 1139 1952 Pelides
1159 1905 1253 1952 rrtinum
1273 1905 1378 1951 vitasset
1397 1891 1524 1965 Apollinis
1543 1900 1632 1951 meus!

288 1975 376 2036 Nupta
395 1971 463 2021 foret
481 1972 569 2021 Paridi
587 1979 679 2028 mater,
698 1975 804 2018 utente
824 1966 880 2019 suit.
976 1969 1009 2015 10
1073 1975 1214 2021 Damnaret
1232 1973 1284 2021 nati
1302 1971 1372 2021 sacta
1390 1979 1511 2034 proterva
1529 1979 1613 2034 pater.

251 2042 310 2092 Nec
327 2051 354 2092 lu
371 2044 440 2090 mille
455 2049 525 2090 retes
538 2042 690 2104 sinuosaque
706 2039 763 2086 vela
780 2037 888 2100 pererit,
1035 2041 1226 2106 necquondnm
1242 2043 1347 2104 placuit,
1357 2056 1484 2090 necnuno
1497 2041 1635 2104 placuisset
1646 2039 1752 2102 lolltll,

287 2112 344 2162 b'ec
361 2125 494 2160 numerum
514 2110 597 2159 Densi
615 2109 716 2167 militisr
737 2107 792 2170 ipse
810 2107 878 2156 veni·
1071 2112 1190 2161 Abducta
1209 2111 1311 2159 viduum
1329 2111 1437 2173 coniuge
1455 2109 1520 2160 llere
1541 2110 1631 2159 virum.

250 2183 293 2232 ste
307 2195 408 2248 quoque
427 2194 499 2230 erem
519 2180 664 2243 repetenti!
678 2184 782 2226 tamen:
802 2182 1008 2239 0001010101·
1034 2182 1108 2232 Quae
1127 2197 1184 2230 mea
1202 2183 1326 2230 coelestes
1344 2180 1435 2229 iniuria
1453 2179 1515 2229 fecit
1532 2180 1646 2244 iniquos?
1750 2183 1786 2229 lle

673 2247 733 2306 rito,
1069 2252 1143 2302 Quod
1158 2251 1227 2309 milri,
1249 2265 1297 2299 rue
1318 2248 1441 2299 miserae!
1460 2249 1530 2299 sidus
1543 2251 1633 2299 obesse
1647 2255 1757 2312 quereri

286 2320 388 2387 Aspen
405 2333 452 2382 pro
469 2331 530 2367 euro
548 2317 617 2367 bella
635 2317 723 2366 tulisse
741 2321 806 2365 toro.
1033 2322 1119 2370 Parra
1133 2336 1190 2369 mea
1205 2321 1260 2368 sine
1276 2326 1358 2368 matre
1375 2317 1425 2379 fui3
1444 2326 1520 2381 pater
1536 2335 1607 2367 arma
1621 2317 1737 2367 serebat:

248 2388 338 2441 oller
356 2389 423 2454 qnod
438 2401 501 2437 erus
518 2387 591 2437 nobls
611 2386 680 2436 idem
697 2385 835 2448 Pelopeius
849 2383 955 2447 Ausus,
973 2386 1006 2432 71
1068 2391 1110 2452 lit,
1127 2390 1178 2438 dno
1197 2404 1272 2453 quum
1292 2390 1389 2448 vivant,
1407 2391 1468 2437 orba
1482 2389 1582 2439 duobus
1599 2403 1679 2437 enin.

283 2460 326 2520 Et,
345 2461 366 2508 si
384 2475 433 2507 non
453 2471 523 2506 esses
542 2458 579 2505 vir
597 2457 666 2517 mihi,
685 2454 766 2504 freter
784 2460 861 2503 eruli
1033 2460 1089 2508 Nou
1108 2460 1153 2507 tibi
1169 2458 1305 2506 blanditias
1323 2458 1419 2519 primis,
1436 2473 1493 2506 mea
1516 2464 1609 2521 mater,
1624 2459 1649 2507 iu
1664 2455 1739 2507 nnis

248 2529 306 2589 Vir,
324 2542 424 2591 precor,
443 2527 524 2585 uxori,
543 2524 624 2574 irater
642 2537 762 2574 succurre
781 2523 877 2572 sororis
1067 2529 1171 2576 incerto
1188 2528 1270 2575 dictas
1288 2540 1333 2575 ore
1351 2528 1437 2587 puella
1455 2527 1510 2575 tuli.
1754 2529 1791 2576 10

283 2599 387 2647 Irrstsnt
404 2596 487 2646 obicio
504 2595 608 2642 nomina
625 2595 684 2643 bina
703 2598 757 2641 tuo.
1032 2598 1089 2646 Non
1103 2612 1151 2660 ego
1166 2595 1268 2658 captari
1288 2595 1407 2643 brevibus
1426 2603 1471 2643 tua
1491 2595 1557 2643 colla
1571 2594 1686 2658 lacertis,

247 2668 293 2718 bie
307 2668 353 2716 tibi
366 2664 526 2729 Tyndareos,
543 2665 597 2712 rita
611 2664 695 2725 gruis
710 2666 800 2710 auctor
815 2664 842 2709 et
853 2658 936 2721 enno,
1065 2668 1121 2717 Ner
1139 2666 1235 2728 gremio
1254 2664 1309 2713 redi
1327 2665 1427 2713 sarcina
1445 2671 1519 2726 gnta
1537 2671 1591 2714 tun.

281 2736 415 2786 Tradidit:
433 2733 566 2783 arbitrium
584 2733 669 2795 neptis
688 2732 800 2780 babebat
817 2744 889 2778 avus.
971 2732 1004 2778 00
1032 2737 1088 2784 Non
1105 2738 1187 2784 ruitur
1204 2735 1249 2784 tibi
1266 2750 1327 2783 cura
1339 2735 1401 2793 mei;
1422 2749 1470 2783 nec
1485 2742 1561 2796 pacta
1575 2733 1667 2782 marito

245 2807 286 2858 at
302 2813 378 2868 pater
395 2803 526 2854 Aeacidae
545 2804 697 2865 promiserat
713 2801 805 2850 inscius
822 2799 888 2858 acti,-
1065 2806 1165 2854 intrari
1183 2806 1317 2861 tbslumor,
1336 2809 1417 2852 matre
1436 2810 1554 2866 parante,
1571 2817 1659 2852 nosos.
1759 2809 1765 2836 ³

280 2877 343 2924 Plus
358 2888 468 2938 quoque,
483 2873 526 2936 qui
542 2873 611 2934 prior
628 2878 668 2921 ert
683 2870 783 2929 ordine,
801 2869 880 2932 possit
896 2882 968 2920 utut·
1029 2876 1113 2924 Obvia
1132 2875 1276 2936 prodieram
1296 2873 1384 2922 reduci
1408 2874 1471 2932 tibi;
1493 2888 1553 2921 vera
1572 2871 1686 2922 fatebere
1752 2869 1789 2924 06

246 2945 332 2997 erurn
348 2944 393 2992 tibi
412 2944 549 2999 nubebum,
565 2942 626 2989 nulli
651 2955 708 2989 mes
725 2939 804 2989 taeda
817 2939 944 2987 nocebat:
1064 2946 1119 2994 Nee
1137 2943 1216 2992 farier
1233 2944 1306 2991 nobis
1324 2949 1385 2991 notu
1403 2944 1519 3005 parentis
1539 2949 1604 2991 erat.

280 3016 307 3062 lii
324 3015 415 3075 iungar
434 3012 543 3074 Pyrrho,
559 3018 587 3059 tu
604 3011 664 3058 mihi
677 3013 761 3059 laesus
779 3008 838 3057 eris·
1027 3015 1065 3063 Te
1087 3022 1173 3064 tumen
1199 3027 1258 3062 esse
1278 3013 1408 3073 Helenen,
1430 3011 1497 3075 quod
1525 3026 1582 3060 eras
1605 3010 1790 3076 pulcherrime,

244 3083 280 3134 tt
297 3090 372 3146 pater
389 3085 504 3145 ignoscet
522 3086 609 3130 nostro
623 3080 759 3128 Menelaus
776 3077 870 3127 emori:
969 3083 1001 3126 llo
1452 3083 1534 3140 sensi;

279 3152 418 3201 Succubuit
436 3152 494 3201 tells
512 3151 643 3213 praepetis
661 3151 716 3212 ipse
732 3148 785 3197 dei.
1062 3151 1123 3214 Ipsa
1141 3151 1298 3214 requirebat,
1317 3164 1382 3213 quae
1402 3156 1447 3198 tus
1465 3159 1527 3200 neta
1545 3149 1621 3200 foret.

245 3222 328 3274 Quem
343 3222 388 3270 sibi
400 3221 524 3284 permisit,
539 3234 635 3282 genero
656 3218 789 3281 permittet
804 3229 931 3276 amorem3
1028 3223 1092 3270 Pars
1104 3223 1169 3268 boec
1184 3235 1235 3268 una
1249 3220 1309 3268 mibi
1323 3219 1415 3267 coniux
1430 3220 1496 3268 bene
1513 3220 1591 3268 cessit
1607 3220 1732 3271 Orestes:

279 3292 400 3340 Proderit
418 3291 537 3353 exemplo
555 3294 639 3337 muter
656 3294 742 3337 amata
760 3301 814 3336 suo.
1061 3290 1087 3339 is
1100 3303 1209 3353 quoque,
1225 3289 1251 3336 ni
1269 3304 1316 3351 pro
1334 3303 1361 3336 se
1378 3295 1485 3350 pugnet,
1502 3288 1639 3349 ademptus
1656 3291 1714 3340 erit.
1735 3294 1785 3340 100

243 3363 281 3411 'Pu
296 3363 365 3420 milri,
385 3360 453 3424 qaod
473 3359 547 3408 matri
560 3364 645 3421 puter,
659 3373 701 3406 es:
720 3371 784 3421 quas
803 3361 893 3417 egerat
907 3355 965 3404 olim
1026 3361 1140 3423 Pyrrhus
1164 3359 1242 3407 babet
1258 3365 1369 3420 captam,
1382 3358 1478 3406 reduce
1499 3366 1525 3407 et
1543 3358 1639 3407 uictore
1654 3367 1784 3424 pereum

280 3430 425 3480 Dardanius
444 3435 531 3492 partes
549 3428 662 3487 advena,
681 3427 795 3489 Pyrrbns
814 3424 876 3486 agit.
966 3427 999 3473 10
1060 3430 1155 3477 Munus
1167 3435 1194 3477 et
1210 3428 1259 3476 hoc
1274 3428 1347 3476 nobis
1363 3427 1448 3476 diruta
1461 3429 1538 3477 Trois
1554 3428 1636 3479 dedit.

242 3500 292 3551 Ille
314 3501 377 3549 licet
396 3499 484 3561 patriis
502 3500 557 3548 sine
576 3497 629 3546 fine
646 3497 778 3559 superbiet
798 3496 877 3543 sctis:
1025 3500 1109 3548 Quum
1123 3505 1208 3546 tamen
1219 3499 1286 3546 altus
1295 3498 1365 3560 equis
1374 3499 1449 3548 Titan
1465 3499 1625 3549 radiantibus
1634 3500 1723 3561 instat,

276 3570 311 3618 Et
326 3575 363 3626 tu,
376 3582 443 3633 quae
458 3566 565 3627 reseras,
583 3574 642 3616 acta
660 3566 773 3629 parentis
789 3565 878 3613 babes.
1060 3566 1182 3617 Perfruor
1200 3567 1288 3617 iul'elix
1307 3568 1424 3616 liberiore
1443 3571 1517 3618 malo.
1719 3569 1783 3631 [los

241 3640 390 3689 Tantalides
408 3652 506 3697 omnes,
526 3638 660 3700 ipsumque
676 3636 784 3696 regebat
800 3633 946 3694 Acbillem3
1025 3639 1082 3686 Nox
1099 3638 1142 3685 ubi
1152 3653 1191 3685 me
1203 3639 1321 3687 tbulumis
1335 3640 1475 3688 ululantem
1493 3644 1520 3686 et
1533 3638 1626 3686 acerba
1636 3643 1782 3698 gementem

276 3709 327 3757 llic
345 3723 404 3770 pars
423 3708 538 3767 militiae,
556 3707 608 3754 dux
627 3710 684 3753 erat
701 3705 744 3752 ille
762 3703 865 3752 ducum.
1059 3706 1189 3770 Condidit,
1208 3710 1232 3755 in
1251 3712 1348 3756 maesto
1367 3708 1539 3770 pmcubuiqqe
1559 3713 1632 3763 toro;

240 3778 278 3827 Tu
303 3792 404 3843 quoque
425 3777 505 3826 babes
531 3789 653 3838 proavum
676 3774 818 3836 Pelopem,
843 3772 998 3836 Pelopisque
1024 3779 1075 3827 Pro
1088 3792 1176 3827 somno
1192 3777 1300 3825 lacrimis
1324 3775 1389 3823 ocull
1410 3773 1551 3836 funguutur
1566 3772 1681 3822 obortis:

263 3906 266 3913 ἢ
384 3848 388 3856 “
667 3850 820 3905 parentem:
964 3844 996 3890 ⁴⁶
1058 3848 1166 3910 Quaque
1189 3848 1248 3894 licet
1263 3842 1332 3904 fugio
1349 3843 1414 3890 sicut
1426 3843 1458 3890 sb
1474 3843 1548 3890 hoste
1561 3841 1624 3889 siro.

275 3914 301 3963 si
320 3916 409 3963 melius
427 3928 556 3972 numeres,
574 3930 590 3963 a
609 3913 671 3962 love
689 3913 791 3976 quintus
810 3911 869 3960 eris.
1023 3919 1108 3980 saepe
1126 3916 1197 3964 malis
1213 3921 1318 3973 stupeo;
1337 3925 1472 3974 rerumque
1491 3911 1568 3960 oblita
1582 3910 1681 3974 locique

241 3984 297 4034 Nee
316 3986 411 4033 virtute
428 4000 518 4046 eares3
540 3999 610 4033 arma
627 3982 750 4031 invidiose
769 3982 865 4030 tulisti:
1058 3987 1152 4050 lgnnra
1171 3983 1242 4042 tetigi
1260 3980 1349 4044 Scyria
1366 3982 1481 4029 membra
1499 3994 1585 4030 manu.
1728 3981 1781 4030 110

274 4053 326 4102 Sed
346 4061 372 4102 tu
392 4055 452 4118 quid
471 4055 589 4103 faeeresl
606 4052 690 4102 induit
707 4053 751 4100 illa
769 4059 853 4113 pater.
1023 4059 1108 4120 litque
1122 4051 1194 4101 rrefas
1208 4050 1285 4109 sensi,
1301 4051 1366 4097 male
1385 4064 1493 4112 corpora
1515 4057 1584 4099 tecta
1601 4050 1726 4115 relinquo,

239 4124 352 4172 blaterin
370 4125 462 4172 vellem
480 4123 552 4173 sortis
571 4124 675 4172 meliore
693 4121 799 4171 fuisses:
1058 4127 1091 4173 lit
1109 4123 1168 4170 milri
1186 4121 1296 4182 pollutas
1315 4119 1407 4167 credor
1425 4120 1522 4169 babere
1539 4134 1639 4168 manus.

276 4193 332 4242 Non
348 4193 416 4241 lecta
436 4199 485 4252 est,
500 4194 572 4256 operi
585 4193 632 4241 sed
652 4191 714 4241 data
730 4207 807 4241 causa
826 4197 879 4240 tuo.
963 4195 995 4239 00
1021 4198 1106 4256 Saepe
1122 4189 1285 4252 Neoptolemi
1306 4190 1466 4251 pronomine
1480 4205 1573 4238 nomen
1590 4187 1691 4238 Orestis

242 4263 319 4313 Hauc
334 4269 419 4311 tamen
433 4263 562 4324 implesti5
580 4263 715 4324 iuguloque
734 4261 872 4323 Aegisthus
888 4269 978 4324 sperto
1055 4263 1128 4311 Exit:
1149 4266 1175 4308 et
1193 4272 1305 4307 errorem
1325 4260 1403 4320 vocis,
1420 4266 1449 4308 ut
1466 4274 1551 4319 omen,
1569 4272 1635 4308 amo.

275 4334 356 4381 Tecta
373 4333 526 4389 mnenlavit,
545 4346 611 4394 quae
630 4338 704 4392 pater
721 4337 782 4379 ante
801 4338 868 4379 tuus.
1021 4335 1072 4383 Per
1090 4346 1171 4394 genus
1190 4327 1277 4376 infelix
1297 4329 1362 4388 iuro,
1380 4329 1531 4393 generisque
1547 4332 1695 4390 parentem,
1727 4330 1776 4376 117

170 4421 175 4431 s
238 4402 362 4464 increpet
376 4401 513 4461 Aeacides,
528 4401 681 4461 laudemque
695 4401 719 4447 in
735 4400 839 4448 crimine
851 4401 942 4459 verrin
1055 4403 1105 4454 Qui
1123 4399 1199 4457 freta,
1217 4398 1258 4462 qui
1282 4403 1374 4459 terras,
1391 4399 1434 4462 qui
1451 4413 1497 4447 sua
1515 4412 1594 4460 regna
1610 4397 1706 4462 quelit3

276 4472 309 4519 Et
328 4477 416 4520 tamen
435 4472 574 4533 adspectus
592 4470 702 4519 sustinet
720 4468 761 4515 ille
781 4483 860 4517 meos.
949 4469 992 4532 [11
1020 4475 1072 4523 Per
1085 4471 1165 4533 patris
1178 4483 1235 4518 ossa
1251 4467 1297 4527 tui,
1315 4469 1400 4531 putrui
1421 4468 1498 4526 mibi3
1517 4482 1583 4530 quae
1596 4468 1641 4516 tibi
1651 4466 1760 4525 debent,

238 4542 362 4603 Rumpor,
374 4546 401 4589 et
417 4555 462 4590 ors
480 4541 540 4588 milri
551 4541 648 4603 pariter
660 4553 716 4587 cum
730 4545 816 4585 mente
835 4544 992 4587 tumescunt:
1054 4540 1129 4591 (lumi
1149 4554 1175 4588 se
1191 4540 1236 4587 sub
1254 4540 1350 4586 tumulo
1366 4536 1465 4587 fortiter
1480 4539 1534 4586 ulta
1550 4539 1650 4587 laoent:

271 4610 433 4674 Pectoraque
451 4610 554 4659 inclusis
572 4610 670 4672 ignibus
690 4614 747 4656 usta
764 4608 861 4656 dolent·
1020 4614 1074 4662 Aut
1091 4626 1139 4674 ego
1154 4608 1312 4672 praemoriar
1332 4609 1463 4671 primoque
1480 4607 1667 4671 exstingueriu
1682 4622 1758 4665 essm

239 4679 381 4729 Hermione
394 4695 479 4729 coram
499 4679 671 4744 quidquamne
689 4678 802 4726 obiectet
820 4676 925 4725 Orestil
1052 4681 1108 4732 Aut
1125 4695 1173 4743 ego
1189 4677 1344 4727 Tantalidae
1361 4677 1476 4727 Tantalis
1493 4691 1557 4726 uxor
1574 4692 1629 4729 ero.
1726 4679 1776 4727 120

274 4750 330 4798 nec
345 4751 405 4798 mibi
427 4757 487 4800 runt
505 4751 585 4809 vires;
606 4764 654 4797 nec
668 4747 737 4796 ferus
759 4747 826 4795 ensis
841 4746 924 4796 adest.

239 4818 316 4868 Plere
335 4819 394 4869 licet
412 4828 499 4869 certe:
519 4819 606 4869 tiendo
624 4817 788 4866 diffundimus
807 4817 879 4876 iram,

270 4889 373 4953 Perque
386 4891 468 4940 sinum
481 4890 613 4951 lacrimas,
628 4887 738 4937 fluminis
751 4887 841 4947 instar,
855 4891 926 4936 eunt.
960 4891 993 4935 00

287 5039 351 5094 vlll,
365 5040 417 5085 init.
431 5041 520 5098 iegitur
533 5040 649 5085 distichon
664 5051 693 5082 ex
706 5051 751 5082 nso
765 5037 813 5083 eod.
827 5037 938 5094 Alloquor
954 5038 1078 5082 timim
1092 5050 1125 5082 ssu
1142 5039 1326 5094 ersrotremqus
1339 5040 1469 5096 uirumque,
1481 5038 1550 5082 Nune
1556 5037 1674 5088 Μίνως
1688 5042 1773 5076 nense

237 5097 344 5150 emlugis
358 5095 421 5139 alter
436 5096 512 5140 babet.
539 5097 643 5152 singulis
657 5093 777 5150 epistolar.
790 5094 868 5138 eliens
896 5094 992 5137 uaedam
1016 5106 1097 5138 manus
1127 5093 1295 5160 utrodnotlonls
1318 5094 1393 5138 ueluti
1413 5107 1483 5138 eausa
1502 5095 1537 5137 sls
1571 5091 1594 5133 la
1608 5089 1661 5133 dise
1675 5100 1771 5144 praepo-

232 5156 329 5193 snerat:
351 5152 425 5205 intpp.
439 5149 481 5194 boe
495 5152 651 5205 reliquerunt,
680 5163 734 5193 nom
750 5160 855 5192 maneum
875 5149 904 5192 is
920 5148 997 5194 bule
1013 5150 1051 5194 ist.
1070 5148 1195 5193 videretur
1215 5149 1315 5194 inrisum.
1370 5149 1498 5194 iuratos
1544 5143 1638 5189 ‚ovid
1659 5143 1774 5187 declinas.

224 5207 331 5264 orentes,
348 5205 620 5256 marsnutdrlilles,
637 5207 671 5250 de
689 5203 942 5261 denudantibus.
984 5204 993 5249 1
1024 5204 1131 5249 sedt'ssst.
1171 5202 1415 5254 neutrumne.
1442 5201 1568 5255 mininis,
1581 5200 1631 5245 till.
1662 5200 1691 5244 17
1706 5197 1773 5256 Mop-

205 5264 276 5301 ¹0st¹¹
290 5255 356 5305 arsa,
369 5257 490 5303 Athenae.
535 5258 566 5304 10
576 5258 675 5306 esses·
686 5260 771 5319 Berlp.
784 5256 861 5320 lphis.
874 5256 929 5306 dal.
942 5258 978 5305 10.
1017 5260 1058 5305 led
1071 5259 1143 5317 luris,
1156 5261 1197 5306 sle
1209 5259 1239 5305 ab
1251 5257 1329 5314 beate,
1342 5262 1426 5303 νει-ιιι
