3586 5498
358 284 782 367 asenbrunensis
814 314 1244 364 HETAMDDPBDSBDS
1269 314 1353 361 usis.
1376 314 1422 360 TV·
1594 288 1671 361 ⁴¹0

113 491 151 542 Bt
167 491 282 555 triplices
298 489 402 553 operire
419 488 492 538 noris
510 485 657 550 Minyeidas
676 486 740 535 alis:
829 488 880 538 dub
906 484 1016 536 Obstitit
1033 483 1133 544 infelix,
1152 484 1303 549 aditumque
1323 483 1435 545 obsedit,
1455 482 1577 547 Erinnys,
1617 485 1669 539 dbd

115 560 159 610 Nil
178 561 273 624 poterit
291 560 367 619 luno,
385 559 435 607 nisi
452 559 546 606 inultos
563 556 628 605 flere
647 555 768 604 dotores:
906 556 1033 620 Sertaque
1050 555 1160 617 vipereis
1178 554 1331 604 distendens
1354 554 1459 603 brachia
1484 551 1569 611 nobs,

114 629 200 693 idque
214 630 276 678 mihi
291 629 352 678 satis
365 634 422 677 esti
441 628 506 675 haec
525 641 577 674 una
589 626 707 688 potentia
722 631 810 673 nostra
822 630 881 674 esti
905 623 1053 672 Caesariem
1080 625 1202 673 excussit.
1240 623 1330 671 Motae
1351 636 1462 672 sonuere
1478 620 1616 681 colubrae3

114 698 177 761 lpse
196 698 282 756 docet,
296 696 358 761 quid
372 711 461 759 agam
481 693 520 744 fas
536 701 577 743 est
590 701 618 742 et
630 696 662 742 ab
674 692 748 741 hoste
761 692 863 741 doceri:
906 693 1022 756 Parsque
1033 693 1119 742 iacens
1129 691 1252 752 humeris,
1264 706 1324 755 pars
1335 692 1430 740 circum
1440 697 1557 752 tempora
1571 691 1671 752 lapsae,

116 767 237 831 Quidque
257 765 328 815 furor
347 768 443 821 valeat,
463 764 582 813 Penthea
595 756 678 812 caede
698 763 811 826 satisque
905 761 1221 826 Sibiladantsaniemque
1232 771 1346 820 romunt,
1360 761 1512 824 linguasque
1524 767 1669 809 coruscant.

115 836 158 887 Αι
168 851 246 898 super
259 835 383 884 ostendit.
419 833 473 882 Cur
486 847 536 880 non
553 832 707 889 stimuletur,
721 844 816 895 eatque
828 834 879 880 ⁴³⁰
906 830 972 879 inde
991 829 1056 881 duos
1078 830 1168 880 mediis
1189 830 1320 893 abrumpit
1341 829 1452 878 crinibus
1474 842 1581 891 angues,
1617 831 1668 878 444

115 906 169 955 Per
186 912 296 965 cognata
315 904 366 952 suia
384 903 504 963 exempla
522 899 650 949 furoribus
669 900 742 949 Iasol
905 897 1085 963 Pestiferaque
1105 914 1182 947 manu
1202 907 1289 961 raptos
1308 898 1420 947 immisit.
1457 897 1550 947 Atilii

116 972 166 1023 Est
184 976 224 1022 ria
243 973 348 1022 decliuis
367 971 471 1020 funesta
489 971 577 1018 nubila
595 976 671 1028 taxo;
905 968 1033 1030 innosque
1054 969 1132 1025 sinus,
1153 967 1393 1031 Athamanteosque
1413 972 1561 1029 pererrant,

117 1043 195 1091 Ducit
212 1042 245 1090 ad
265 1040 380 1090 infernas
398 1055 445 1101 per
464 1047 534 1087 muta
552 1039 655 1087 silentia
678 1036 763 1086 sedes.
905 1037 1089 1100 inspirantque
1114 1051 1207 1099 graues
1226 1037 1341 1094 animan
1361 1050 1409 1084 nec
1426 1037 1533 1084 vralnera
1549 1033 1670 1085 memhris

115 1111 181 1174 Styx
203 1111 311 1159 nebulas
328 1110 434 1157 exhalat
454 1108 533 1165 inerr3
552 1109 709 1170 umbraeque
726 1110 845 1155 recentes
906 1106 965 1154 Ulla
987 1105 1092 1155 ferunt:
1112 1120 1184 1154 mena
1207 1112 1255 1165 est,
1274 1120 1340 1169 quae
1360 1104 1429 1154 diros
1448 1104 1545 1154 sentiat
1560 1103 1635 1154 letus.

115 1179 287 1229 Descendunt
300 1179 367 1236 illac,
382 1178 567 1238 simulacraque
581 1173 670 1225 functa
686 1175 878 1237 sepulcria.u³b
906 1176 1039 1224 Attulerat
1054 1189 1140 1223 secum
1160 1175 1248 1237 liquidi
1267 1189 1368 1238 quoque
1381 1180 1495 1222 monstra
1509 1173 1671 1235 veneni,suo

115 1247 206 1297 Pallor
219 1247 360 1311 Hiemsque
378 1251 470 1294 tenent
493 1247 545 1293 late
560 1246 617 1292 loca
634 1251 722 1293 senta:
742 1244 862 1306 nouique,
905 1244 965 1293 Oris
982 1244 1105 1292 Cerberei
1124 1257 1237 1306 spumas,
1255 1251 1283 1292 et
1300 1244 1368 1291 viros
1388 1241 1530 1304 Echidnae,

116 1316 176 1367 Qua
192 1316 223 1365 ait
237 1318 296 1375 iter,
309 1316 410 1372 Manes,
426 1314 542 1375 Stygiam
555 1313 625 1375 quod
641 1312 713 1360 ducit
732 1312 765 1360 ad
781 1314 880 1373 urbem,
905 1312 1064 1377 Erroresque
1084 1326 1170 1374 vagos,
1189 1326 1334 1375 caecaeque
1353 1312 1447 1361 oblivia
1465 1311 1568 1370 mentis,

117 1385 258 1447 ignoraut5
279 1384 321 1432 ubi
339 1385 372 1432 sit
389 1383 456 1444 nigri
472 1381 529 1431 fera
548 1383 619 1443 regia
638 1382 714 1430 Bitia.
906 1381 938 1429 Et
951 1383 1044 1442 scelus,
1054 1387 1081 1430 ct
1095 1383 1222 1443 lacrimas,
1231 1382 1388 1445 rabiemque,
1401 1386 1429 1430 et
1441 1379 1528 1429 caedis
1543 1392 1667 1440 amorem3

116 1454 190 1503 Mille
209 1468 292 1515 capax
312 1452 408 1510 aditus,
425 1459 452 1499 et
469 1457 574 1512 apertas
594 1450 707 1513 undique
725 1456 815 1512 portas
905 1451 999 1499 Omnia
1017 1452 1078 1501 trita
1101 1451 1191 1500 simul:
1211 1464 1278 1514 quae
1301 1451 1425 1511 sanguine
1442 1450 1517 1499 mista
1534 1449 1634 1498 recenti

116 1522 283 1573 Urbshabet.
301 1522 388 1584 thue
403 1518 542 1568 fretumde
557 1528 612 1568 tota
626 1518 879 1580 nominatarum
905 1519 1020 1568 Coxerat
1037 1534 1098 1568 aere
1115 1533 1189 1579 caro,
1209 1519 1282 1567 viridi
1300 1524 1403 1567 versata
1421 1519 1514 1568 cicuta.
1619 1521 1670 1566 404

115 1591 159 1641 Sic
174 1606 264 1640 omnes
281 1591 379 1639 animas
398 1590 469 1637 locus
486 1588 580 1650 accipit
596 1589 656 1647 ille;
675 1601 724 1635 uec
742 1588 786 1635 ulli
906 1588 1025 1651 Dumque
1042 1596 1139 1651 parent
1157 1589 1209 1648 illi;
1229 1588 1308 1637 vertit
1326 1586 1419 1636 furiale
1437 1599 1565 1635 venenum

115 1659 230 1722 Exiguus
248 1661 343 1722 populo
362 1663 411 1717 est,
430 1660 565 1707 turbamve
588 1656 713 1705 accedere
732 1657 820 1706 sentit.
905 1657 1002 1706 Pectus
1017 1659 1042 1705 in
1058 1658 1200 1716 amborum,
1220 1656 1438 1720 praeocordiaque
1457 1656 1547 1704 intima
1564 1655 1654 1707 morit.

116 1728 368 1790 Erranteaaanguea
382 1728 437 1776 sine
451 1741 560 1788 corpore
571 1733 599 1774 et
611 1727 710 1775 ossibus
722 1727 844 1774 umbrae:
904 1727 968 1774 Tum
991 1725 1048 1775 face
1067 1728 1163 1775 iactata
1179 1740 1227 1788 per
1250 1725 1362 1775 eundem
1384 1725 1486 1787 saepius
1506 1725 1604 1786 orbern,

115 1796 233 1860 Parsque
247 1796 330 1845 forum
347 1797 491 1851 celebrant,
506 1809 566 1857 pars
583 1795 626 1843 imi
642 1803 712 1844 tecta
727 1795 844 1857 tyranni;
905 1795 1078 1858 Consequitur
1096 1803 1178 1844 motos
1196 1795 1319 1844 velociter
1336 1795 1437 1857 iguilms
1457 1794 1538 1856 ignes.

115 1865 182 1916 Para
203 1866 267 1915 alias
285 1874 366 1922 artes,
383 1865 506 1928 autiquae
529 1864 669 1912 imitamina
689 1864 758 1912 vitae
829 1867 879 1912 444
905 1864 948 1911 Sic
962 1865 1063 1921 victrix,
1078 1864 1189 1926 iussique
1202 1872 1304 1926 potens,
1316 1863 1350 1912 ad
1361 1863 1449 1912 inania
1465 1862 1551 1926 magni
1620 1864 1671 1911 otu

116 1934 264 1994 Exercent;
282 1934 358 1982 aliam
377 1942 478 1996 partem
497 1947 545 1982 sna
562 1947 647 1995 poena
664 1940 777 1981 coercet.
906 1933 998 1994 Regna
1012 1932 1080 1982 redit
1096 1933 1173 1992 Diris,
1192 1940 1374 1995 sumptumque
1394 1933 1534 1994 recingitur
1549 1945 1671 1996 anguem.

116 2003 232 2052 Sustinet
250 2004 287 2051 ire
306 2005 374 2063 illuc,
393 2002 499 2051 coelesti
517 2001 579 2050 sede
599 2002 700 2060 relicta,
905 2002 1028 2050 Protinus
1047 2001 1171 2052 Aeoliden
1189 2001 1275 2050 media
1292 1999 1446 2050 furibundus
1463 2001 1488 2049 ln
1507 2003 1568 2049 aula

115 2073 226 2123 Tantum
245 2071 311 2121 odiis
327 2073 433 2134 iraeque
452 2071 541 2130 dabat,
559 2071 681 2118 Saturnia
700 2068 775 2117 luno.
905 2069 1017 2128 Clamat,
1036 2070 1076 2130 lo,
1094 2071 1209 2127 comites,
1228 2071 1267 2118 his
1285 2070 1351 2118 retia
1370 2069 1470 2119 tendite
1489 2070 1575 2119 silrlsr

117 2140 176 2191 Quo
195 2142 268 2189 aimul
291 2140 406 2199 intrarit,
425 2152 550 2200 sacroque
569 2154 585 2187 a
599 2152 707 2199 corpore
722 2150 839 2199 pressum
906 2139 958 2186 llic
970 2137 1046 2187 modo
1060 2153 1117 2186 cum
1133 2140 1235 2200 gemina
1246 2138 1300 2186 visa
1319 2145 1359 2187 est
1373 2139 1433 2186 mihi
1448 2140 1521 2200 prole
1533 2139 1636 2187 leaena.

116 2208 248 2271 ingemuit
265 2209 360 2268 lisuen;
379 2209 429 2256 tria
448 2208 577 2256 Cerberus
596 2207 688 2254 extulit
710 2221 766 2265 ora,
829 2208 881 2252 4³⁰
906 2206 993 2268 thue
1009 2206 1092 2265 ferae,
1107 2208 1222 2268 sequitur
1238 2207 1345 2268 vestigia
1363 2207 1476 2266 coniugis
1489 2221 1599 2256 amenn
1620 2209 1670 2257 bib

117 2276 152 2326 Et
170 2285 224 2326 tres
242 2278 350 2325 latratus
370 2277 444 2324 simul
462 2275 554 2323 edidit.
590 2274 640 2322 llla
658 2274 766 2322 Sorores
907 2276 998 2338 Deque
1020 2276 1076 2324 sinu
1096 2276 1184 2323 matris
1206 2274 1334 2323 ridentem
1352 2282 1379 2323 et
1393 2289 1473 2336 parra
1491 2275 1636 2324 Learchum

117 2345 201 2394 Nocte
224 2353 297 2394 uocat
314 2344 425 2407 genitas,
439 2358 519 2404 arare
535 2350 562 2391 et
577 2343 739 2405 implacabile
758 2355 863 2390 numen.
907 2344 1018 2393 Brachia
1030 2343 1182 2392 tendentem
1199 2344 1275 2405 rapit,
1294 2344 1371 2392 ethis
1386 2349 1478 2407 terque
1496 2358 1543 2406 per
1559 2358 1636 2393 ausas

117 2413 236 2463 Carceris
257 2422 319 2463 ante
338 2412 407 2462 fores
424 2415 524 2461 clausas
546 2410 685 2461 adamante
709 2410 846 2471 sedebant,
907 2412 981 2461 More
999 2418 1068 2462 rotat
1086 2410 1201 2472 fundae,
1218 2412 1353 2475 rigidoque
1371 2410 1480 2462 infantia
1498 2428 1560 2462 saxo

117 2482 209 2546 Deque
228 2483 280 2531 sula
297 2488 367 2532 atros
385 2483 527 2544 pectebant
543 2481 655 2531 crinibus
673 2494 780 2540 angues.
907 2481 1018 2530 Discutit
1036 2495 1094 2530 ossa
1109 2480 1193 2529 feros.
1228 2482 1293 2529 Tum
1306 2480 1419 2544 denique
1437 2482 1538 2530 concita
1559 2487 1654 2542 mater,

117 2552 202 2602 fluam
218 2551 292 2600 simui
312 2556 441 2613 agnorunt
460 2552 528 2599 iuter
546 2550 661 2611 caliginis
681 2551 794 2610 umbras,
829 2551 880 2595 ube
906 2551 957 2598 Seu
975 2550 1048 2599 dolor
1067 2551 1116 2598 hoc
1132 2549 1203 2608 fecit,
1222 2564 1267 2599 seu
1285 2551 1368 2611 sparsi
1386 2564 1465 2599 causa
1480 2552 1583 2612 veneni,
1620 2555 1670 2601 52⁰

117 2620 261 2669 surrexere
280 2620 363 2669 deae:
382 2619 459 2668 sedes
478 2620 607 2669 scelerata
625 2625 741 2667 vocatur.
907 2620 1039 2677 Exululat,
1057 2619 1191 2682 passisque
1209 2616 1275 2681 fugit
1294 2620 1360 2667 male
1380 2633 1444 2669 sana
1461 2620 1577 2682 capillis:

116 2689 225 2739 Viscera
249 2690 391 2752 praebebat
409 2689 497 2752 Tityos
520 2686 652 2746 lanianda,
667 2700 812 2749 novemque
905 2689 994 2751 Teque
1008 2686 1096 2737 ferens
1109 2702 1217 2750 paruum
1233 2685 1317 2748 nudis,
1336 2687 1482 2748 Melicerta,
1504 2689 1617 2746 lacertis.

116 2758 253 2820 Iugeribus
271 2758 401 2808 distentus
421 2764 486 2806 erat.
522 2756 588 2815 Tibi,
606 2757 726 2814 Tantale‚
742 2757 829 2804 nullae
907 2757 988 2818 Enoc,
1006 2758 1120 2816 Bacche,
1139 2763 1223 2806 sonat.
1261 2757 1356 2806 Bacchi
1374 2759 1420 2806 sub
1439 2758 1541 2807 nomine
1560 2758 1627 2809 iuno

117 2827 427 2891 Deprenduuturaquae:
442 2823 880 2889 quaeqnsimminet‚euugirarbos.
907 2827 981 2885 Risit,
1000 2835 1036 2885 et,
1054 2826 1111 2875 Hos
1127 2840 1186 2875 naus
1206 2834 1322 2889 praestet
1341 2827 1396 2886 tibi,
1414 2826 1489 2885 dixit,
1507 2828 1634 2877 alumnus.

116 2897 171 2946 Aut
189 2896 265 2959 petis,
280 2904 325 2945 ant
340 2910 416 2958 urges
435 2896 570 2953 ruiturum,
582 2895 702 2957 Sisyphe,
716 2908 816 2943 suum.
830 2896 880 2941 440
906 2895 1027 2944 imminet
1042 2897 1196 2959 aequoribus
1210 2897 1344 2958 scopulus:
1364 2910 1425 2958 pars
1435 2896 1485 2943 ima
1498 2904 1605 2945 cavatur
1620 2901 1669 2947 424

116 2965 237 3014 Volvitur
254 2964 340 3026 Ixion,
359 2970 386 3013 et
404 2978 432 3012 se
450 2965 617 3027 sequiturque
635 2962 760 3026 fugitque.
906 2965 1047 3023 Fluctibus,
1066 2973 1094 3013 et
1107 2970 1189 3013 tectas
1210 2962 1329 3014 defendit
1346 2966 1379 3013 ab
1397 2965 1519 3013 imbribus
1535 2967 1634 3025 nardus,

115 3033 252 3098 Molirique
272 3035 322 3083 suis
343 3035 423 3082 letum
441 3034 601 3095 patruelibus
619 3047 711 3092 ausae,
905 3034 1011 3082 Summa
1021 3033 1097 3095 riget,
1110 3032 1273 3098 frontemque
1283 3034 1308 3082 in
1319 3040 1438 3096 apertum
1448 3034 1556 3097 porrigit
1563 3050 1670 3098 aequor.

118 3102 247 3152 Assiduae
259 3109 392 3165 repetunt,
407 3116 470 3166 quaa
490 3101 612 3164 perdant,
630 3099 735 3150 Belides
753 3097 846 3148 uudaa.
906 3102 1026 3165 Occupat
1044 3104 1121 3162 huuc,
1141 3103 1208 3151 sires
1226 3103 1326 3152 insania
1344 3100 1454 3162 fecerat,
1472 3102 1532 3163 luo,

116 3173 187 3223 Quos
205 3187 296 3221 ornnes
313 3173 370 3220 acie
389 3179 525 3235 postquam
543 3171 665 3219 Saturnia
684 3177 757 3218 torva
906 3171 992 3235 Seque
1012 3185 1090 3233 super
1108 3179 1225 3234 pontum,
1246 3173 1316 3220 nullo
1335 3171 1439 3221 tardata
1457 3172 1558 3232 timore,

115 3240 198 3298 Vidit,
220 3247 248 3288 et
264 3246 326 3288 aste
353 3239 570 3301 amoenissima,
590 3252 677 3288 rursus
698 3238 794 3286 abillo
829 3240 880 3285 464
905 3240 998 3298 Mittit,
1011 3255 1127 3303 onusque
1137 3255 1220 3290 suum.
1240 3240 1367 3289 Percussa
1383 3240 1519 3289 recanduit
1531 3240 1610 3288 unda.
1620 3243 1670 3288 440

116 3309 243 3372 Sisyphon
263 3307 419 3370 adspiciens,
443 3308 496 3358 Cur
515 3308 556 3357 bic
578 3306 739 3365 efratribus,
753 3307 846 3370 inquit,
906 3309 944 3358 At
956 3309 1046 3357 Venus
1061 3310 1205 3357 immeritae
1223 3309 1306 3370 neptis
1324 3309 1445 3357 miserata
1458 3309 1569 3369 labores,

116 3378 264 3439 Perpetuus
281 3377 379 3438 patitur
397 3390 511 3438 poenas3
531 3376 692 3425 Athamanta
710 3377 849 3436 superbum
906 3378 949 3426 Sic
960 3385 1053 3439 patruo
1074 3376 1191 3426 blandita
1212 3390 1258 3425 auo
1276 3384 1330 3425 est:
1351 3377 1484 3427 Ouumeu
1499 3390 1636 3440 aquarum,

116 3445 199 3507 Regia
220 3444 294 3493 dives
311 3445 399 3502 habet,
419 3444 463 3507 qni
485 3458 525 3492 sne
545 3458 603 3492 cum
617 3444 725 3505 mutuae
743 3459 847 3507 semper
906 3446 1028 3494 Proxima
1046 3446 1087 3493 cui
1104 3447 1177 3493 coelo
1195 3445 1282 3502 cessit,
1303 3445 1436 3507 Neptune,
1455 3451 1586 3506 potestaar

117 3512 239 3576 Spresitt
257 3519 285 3560 et
302 3513 411 3574 exponit
427 3526 519 3561 causas
536 3512 639 3575 odiique
657 3513 782 3576 viaeque3
905 3514 1004 3574 Magna
1020 3513 1124 3576 quidem
1139 3528 1234 3576 posco;
1254 3511 1300 3561 sed
1320 3523 1347 3562 tu
1370 3514 1493 3562 miserere
1511 3528 1635 3572 meorum,

117 3581 239 3645 Quidque
250 3580 323 3629 uelit.
342 3580 419 3631 erod
435 3582 598 3641 reticuerat,
609 3594 642 3628 ue
653 3580 880 3643 repraesentato
905 3583 1002 3632 laetari
1019 3597 1083 3646 quos
1100 3583 1185 3631 cernis
1203 3582 1228 3630 ln
1247 3581 1321 3631 Ionio
1339 3584 1473 3641 immenso,
1620 3587 1670 3633 ott

116 3651 215 3709 Staret,
230 3658 259 3698 et
277 3650 302 3698 ln
319 3648 419 3698 facinus
438 3650 573 3698 traherent
591 3648 750 3697 Athamantis
763 3650 880 3699 Somrea.
906 3652 992 3701 Bidis
1007 3651 1077 3700 adde
1095 3653 1155 3701 tuis.
1191 3652 1287 3715 Aliqua
1303 3651 1404 3700 etmihi
1418 3651 1503 3715 gratia
1517 3657 1596 3714 ponto
1610 3661 1670 3715 esta

115 3719 268 3782 imperium,
289 3720 423 3780 promissa,
448 3732 540 3780 preces
563 3716 698 3766 confundit
712 3718 738 3765 in
760 3733 848 3781 uuum,
905 3721 933 3769 Si
949 3721 1076 3769 tamenin
1095 3720 1180 3769 medio
1198 3720 1326 3784 quondam
1348 3728 1470 3770 concreta
1490 3720 1619 3784 profando

115 3789 293 3851 Sollicitatque
311 3785 385 3837 deas.
421 3787 464 3835 Sic
482 3789 546 3836 haec
564 3785 665 3835 lunone
687 3788 783 3847 locuta,
905 3789 1004 3852 Spuma
1025 3787 1071 3848 fui,
1095 3790 1253 3854 Graiumque
1267 3795 1356 3838 manet
1371 3790 1433 3838 mihi
1445 3803 1539 3839 nomen
1552 3791 1586 3840 ab
1599 3791 1653 3841 uls.

114 3858 254 3920 Tisiphone
272 3872 360 3915 unos,
378 3863 490 3920 uberat,
509 3857 613 3904 turbata
629 3856 737 3917 capillos
907 3859 1008 3908 Annuit
1025 3860 1110 3908 oranti
1128 3859 1276 3922 Neptunus,
1295 3865 1322 3909 et
1340 3860 1446 3908 abstulit
1462 3859 1521 3917 illis,

116 3927 209 3986 Movit,
227 3932 255 3976 et
274 3927 408 3975 obstantes
427 3925 517 3975 reiecit
543 3926 576 3974 ab
597 3939 642 3974 ore
662 3925 789 3973 colubras.
829 3927 879 3974 414
906 3927 982 3977 Quod
997 3930 1105 3977 mortale
1123 3927 1186 3986 fuit;
1206 3929 1420 3990 maiestatemque
1443 3925 1583 3976 verendam
1619 3930 1670 3977 444

118 3994 206 4058 Atque
225 3994 272 4055 ita,
292 3995 350 4044 Nou
368 3995 452 4058 longis
465 4009 530 4057 opus
550 3999 591 4043 est
611 3994 770 4055 ambagibus.
782 3993 879 4058 inquit:
905 3996 1041 4058 Imposuit,
1059 4011 1205 4060 nomenque
1219 3998 1293 4046 simul
1310 3994 1454 4059 faciemque
1472 3992 1585 4051 novarit,

118 4064 200 4113 Tacta
211 4070 285 4125 puta,
302 4078 480 4127 quaecumque
492 4063 582 4122 lubea;
601 4062 739 4111 inamabile
755 4077 863 4126 reguum
906 4064 1104 4128 Leucotbeeque
1118 4065 1196 4113 derum
1210 4079 1268 4113 cam
1285 4073 1368 4115 matre
1385 4065 1544 4114 Palaemona
1560 4064 1635 4113 dixit.

117 4131 227 4192 Desere,
244 4138 323 4194 teque
339 4129 410 4182 refer
427 4133 493 4182 coeli
510 4132 620 4181 melioris
639 4131 673 4181 ad
691 4146 777 4180 auras.
905 4133 1027 4182 Sidoniae
1045 4134 1162 4194 comites,
1179 4141 1303 4196 quantum
1322 4136 1438 4193 saluere,
1455 4140 1562 4184 secuta

116 4200 198 4251 Laeta
213 4199 283 4251 redit
298 4200 379 4251 luno:
398 4216 475 4265 quam
496 4202 596 4250 coelum
613 4201 711 4250 intrare
727 4206 864 4263 parantem
905 4204 984 4265 Signa
1002 4202 1108 4266 pedum,
1127 4203 1209 4266 primo
1227 4203 1317 4252 ridere
1334 4204 1471 4253 novissim
1488 4218 1570 4261 saxo;

117 4270 219 4319 Daretis
235 4270 354 4320 lustravit
369 4272 442 4334 aquis
460 4270 644 4319 Thaumantias
665 4269 724 4318 Iris.
829 4273 881 4320 484
906 4272 962 4321 Nec
979 4271 1085 4321 dublum
1098 4271 1132 4321 de
1147 4279 1231 4320 arorte
1246 4279 1330 4330 ratae,
1345 4271 1488 4321 Cdmeida
1501 4271 1592 4334 palmis
1620 4273 1670 4320 444

116 4338 173 4388 Nec
191 4353 278 4399 mora,
296 4338 436 4401 Tisiphone
458 4337 631 4389 madefactam
645 4337 770 4401 sanguiue
786 4339 865 4388 sumit
906 4342 1074 4402 Deplanxere
1092 4340 1206 4399 domum,
1223 4342 1318 4392 scissae
1338 4355 1395 4389 cum
1416 4349 1488 4391 reate
1510 4339 1633 4402 capilloar

115 4405 269 4469 lraportuaa
293 4405 387 4469 facem,
409 4407 540 4472 tluidoqoe
564 4422 656 4456 cruore
675 4409 811 4456 rubentem
906 4410 992 4473 thue
1008 4425 1100 4473 parum
1117 4410 1210 4467 iustae,
1226 4411 1382 4473 nimiumque
1400 4410 1425 4458 ln
1442 4409 1535 4474 pellice
1547 4423 1653 4469 saeuae,

116 4474 238 4524 induitur
255 4478 360 4538 pallam,
379 4483 499 4541 tortoque
516 4477 655 4539 incingitur
672 4490 767 4537 angue,
906 4477 1033 4527 Invidiam
1052 4477 1139 4528 fecere
1156 4477 1234 4528 deae.
1271 4479 1394 4528 coortus
1411 4478 1477 4529 luno

116 4542 307 4607 Egrediturque
330 4544 415 4595 domo.
434 4547 530 4595 Luctus
550 4546 705 4594 comitantur
730 4550 846 4603 euntem,
906 4548 964 4596 Non
982 4549 1050 4607 tulit,
1070 4555 1106 4606 et,
1124 4548 1228 4596 Paciasn
1251 4562 1296 4597 ros
1319 4549 1388 4610 ipsaa
1404 4549 1525 4605 maxima,
1541 4544 1618 4607 dixit,

117 4612 152 4662 Et
168 4612 263 4671 Pauor,
280 4620 308 4661 et
321 4614 425 4676 Terror,
441 4615 593 4677 trepidoque
606 4613 713 4662 insania
728 4616 809 4663 vultu.
828 4619 878 4665 486
904 4615 1207 4665 Saevitiaemonnmenta
1217 4631 1301 4666 meae.
1321 4615 1447 4665 Resdicta
1454 4622 1544 4665 secuta
1557 4622 1607 4664 eat.
1619 4618 1671 4664 bbb

117 4681 218 4731 Limine
242 4681 409 4733 constiterat:
430 4691 517 4745 postes
535 4683 670 4731 tremuisse
690 4681 810 4731 l'eruntur
906 4686 971 4733 h'am
987 4699 1054 4748 quae
1076 4687 1216 4748 praecipue
1231 4685 1317 4735 fuerat
1333 4686 1385 4748 pia,
1403 4686 1559 4747 Ριοιιιιιι,
1577 4684 1670 4750 iuquit,

117 4750 211 4809 Aeolii,
230 4750 361 4813 pallorque
381 4749 448 4801 fores
468 4750 558 4801 infecit
575 4765 702 4810 acernas;
905 4753 935 4801 la
950 4753 1018 4802 freta
1032 4754 1161 4816 reginam:
1182 4755 1327 4818 saltumque
1347 4753 1451 4809 datura,
1469 4752 1569 4803 mareri

115 4820 210 4882 Solque
229 4820 313 4867 locum
328 4816 401 4880 fugit.
438 4821 561 4869 Monstris
580 4820 707 4868 exterrita
722 4820 826 4879 coniux,
904 4822 984 4872 llaud
1005 4836 1110 4886 usquam
1129 4824 1222 4885 potuit,
1248 4824 1404 4886 scopuloque
1420 4819 1635 4872 affluacohaesit.

114 4889 231 4937 Territus
250 4892 291 4936 est
311 4886 456 4950 Athamas,
476 4896 597 4953 tectoque
616 4889 688 4937 eaire
706 4891 842 4952 parabant.
905 4891 1006 4953 Altera,
1023 4891 1085 4941 dum
1104 4893 1178 4942 solito
1199 4898 1285 4941 tentat
1303 4893 1428 4955 plangore
1444 4889 1524 4940 ferire

169 5010 210 5052 ‹lts
225 5008 280 5062 infit
297 5007 325 5049 li.
340 5019 353 5048 e
368 5005 417 5051 eod.
451 5010 493 5051 ses
507 5007 610 5050 eburnas
624 5007 669 5051 dun
683 5008 747 5053 codd.
775 5010 815 5053 uss
833 5023 897 5063 grau.
912 5024 950 5054 aa.
964 5010 1102 5065 pestiferum
1117 5008 1225 5054 balitun.
1252 5009 1294 5052 bus
1308 5008 1450 5055 describitur
1462 5009 1525 5057 ants
1538 5011 1673 5065 manases,

130 5076 182 5107 ιιι
199 5072 260 5106 mota
274 5062 400 5105 celerrime
414 5062 438 5103 la
453 5063 564 5107 circulu-
581 5062 631 5107 face
645 5065 712 5119 ignes
726 5065 868 5109 edicisbant.
895 5063 1344 5121 conparatGieria.Claarllan.lt.P.
1359 5064 1497 5121 11,2o,ast
1511 5064 1588 5118 buta,
1615 5076 1670 5113 ιιι

114 5075 224 5163 isinana
240 5118 263 5160 in
278 5129 360 5172 nrum
378 5124 463 5169 moret,
478 5119 557 5159 maras
571 5116 640 5160 salar
654 5118 737 5165 siluae.
777 5119 817 5163 bil
831 5126 951 5175 praestat,
965 5118 1025 5176 quod
1040 5120 1122 5177 probat
1137 5120 1166 5164 ii.
1211 5118 1252 5163 bur
1267 5119 1307 5163 dis
1323 5118 1353 5165 ll.
1367 5133 1382 5165 e
1395 5119 1582 5173 eschaeta«
1634 5130 1683 5159 w

114 5184 169 5218 rear
183 5187 213 5217 ao
228 5180 319 5216 sutura
334 5170 455 5218 mutilatis
469 5183 541 5216 rarae
556 5172 586 5214 ait
602 5174 671 5217 recia.
1066 5205 1069 5209 -
1677 5192 1683 5203 r
