<?xml version="1.0" encoding="UTF-8"?>
<!DOCTYPE html PUBLIC "-//W3C//DTD XHTML 1.0 Transitional//EN"
    "http://www.w3.org/TR/xhtml1/DTD/xhtml1-transitional.dtd">
<html xmlns="http://www.w3.org/1999/xhtml" xml:lang="en" lang="en">
 <head>
  <title>
</title>
<meta http-equiv="Content-Type" content="text/html;charset=utf-8" />
  <meta name='ocr-system' content='tesseract 3.04.00' />
  <meta name='ocr-capabilities' content='ocr_page ocr_carea ocr_par ocr_line ocrx_word'/>
</head>
<body>
  <div class='ocr_page' id='page_1' title='image "./corpuspoetaruml00webegoog_0145.png"; bbox 0 0 3586 5498; ppageno 0'>
   <div class='ocr_carea' id='block_1_1' title="bbox 183 162 1482 243">
    <p class='ocr_par' dir='ltr' id='par_1_1' title="bbox 183 162 1482 243">
     <span class='ocr_line' id='line_1_1' title="bbox 183 162 1482 243; baseline -0.002 -1"><span class='ocrx_word' id='word_1_1' title='bbox 183 162 257 243; x_wconf 77' lang='grc'>050</span> <span class='ocrx_word' id='word_1_2' title='bbox 425 194 457 242; x_wconf 83' lang='grc'>0.</span> <span class='ocrx_word' id='word_1_3' title='bbox 481 190 623 240; x_wconf 84' lang='lat' dir='ltr'>orrnrr</span> <span class='ocrx_word' id='word_1_4' title='bbox 646 186 832 239; x_wconf 77' lang='lat' dir='ltr'>resones</span> <span class='ocrx_word' id='word_1_5' title='bbox 856 186 1290 239; x_wconf 79' lang='lat' dir='ltr'>nnrnuonenoenon</span> <span class='ocrx_word' id='word_1_6' title='bbox 1319 182 1407 238; x_wconf 83' lang='lat' dir='ltr'>nus.</span> <span class='ocrx_word' id='word_1_7' title='bbox 1431 190 1482 240; x_wconf 81' lang='lat' dir='ltr'>rx.</span> 
     </span>
    </p>
   </div>
   <div class='ocr_carea' id='block_1_2' title="bbox 177 359 1743 4930">
    <p class='ocr_par' dir='ltr' id='par_1_2' title="bbox 183 359 1742 980">
     <span class='ocr_line' id='line_1_2' title="bbox 184 359 1727 430; baseline -0.002 -15"><span class='ocrx_word' id='word_1_8' title='bbox 184 363 293 430; x_wconf 81' lang='lat' dir='ltr'>lemque</span> <span class='ocrx_word' id='word_1_9' title='bbox 305 364 391 428; x_wconf 85' lang='lat' dir='ltr'>pelem</span> <span class='ocrx_word' id='word_1_10' title='bbox 408 369 449 414; x_wconf 88' lang='lat' dir='ltr'>est</span> <span class='ocrx_word' id='word_1_11' title='bbox 465 363 581 422; x_wconf 83' lang='lat' dir='ltr'>demens,</span> <span class='ocrx_word' id='word_1_12' title='bbox 597 361 826 427; x_wconf 84' lang='lat' dir='ltr'>lueoecessersqne</span> <span class='ocrx_word' id='word_1_13' title='bbox 844 359 942 411; x_wconf 78' lang='lat' dir='ltr'>leretm</span> <span class='ocrx_word' id='word_1_14' title='bbox 966 360 1061 410; x_wconf 68' lang='grc'><strong>000000</strong></span> <span class='ocrx_word' id='word_1_15' title='bbox 1080 372 1171 409; x_wconf 71' lang='lat' dir='ltr'>menes</span> <span class='ocrx_word' id='word_1_16' title='bbox 1188 360 1294 418; x_wconf 77' lang='grc'><strong>000000,</strong></span> <span class='ocrx_word' id='word_1_17' title='bbox 1308 364 1366 410; x_wconf 89' lang='lat' dir='ltr'>rete</span> <span class='ocrx_word' id='word_1_18' title='bbox 1381 360 1435 411; x_wconf 72' lang='lat' dir='ltr'>ebt</span> <span class='ocrx_word' id='word_1_19' title='bbox 1447 374 1501 413; x_wconf 81' lang='grc'>000</span> <span class='ocrx_word' id='word_1_20' title='bbox 1515 362 1582 413; x_wconf 83' lang='grc'><strong>0000</strong></span> <span class='ocrx_word' id='word_1_21' title='bbox 1594 370 1727 427; x_wconf 67' lang='lat' dir='ltr'>prun.</span> 
     </span>
     <span class='ocr_line' id='line_1_3' title="bbox 185 430 1683 498; baseline -0.001 -15"><span class='ocrx_word' id='word_1_22' title='bbox 185 436 262 498; x_wconf 86' lang='lat' dir='ltr'>Spem</span> <span class='ocrx_word' id='word_1_23' title='bbox 278 435 397 493; x_wconf 82' lang='lat' dir='ltr'>Veneris,</span> <span class='ocrx_word' id='word_1_24' title='bbox 412 435 468 482; x_wconf 89' lang='lat' dir='ltr'>sine</span> <span class='ocrx_word' id='word_1_25' title='bbox 480 448 530 497; x_wconf 85' lang='lat' dir='ltr'>qus</span> <span class='ocrx_word' id='word_1_26' title='bbox 539 433 658 494; x_wconf 83' lang='lat' dir='ltr'>petrium,</span> <span class='ocrx_word' id='word_1_27' title='bbox 674 432 818 495; x_wconf 77' lang='lat' dir='ltr'>invisosque</span> <span class='ocrx_word' id='word_1_28' title='bbox 827 433 942 481; x_wconf 85' lang='lat' dir='ltr'>Penetes</span> <span class='ocrx_word' id='word_1_29' title='bbox 967 430 1003 477; x_wconf 86' lang='lat' dir='ltr'>Ut</span> <span class='ocrx_word' id='word_1_30' title='bbox 1015 430 1089 479; x_wconf 86' lang='lat' dir='ltr'>dolor</span> <span class='ocrx_word' id='word_1_31' title='bbox 1103 430 1220 492; x_wconf 81' lang='lat' dir='ltr'>increuit,</span> <span class='ocrx_word' id='word_1_32' title='bbox 1233 444 1312 493; x_wconf 84' lang='lat' dir='ltr'>seque</span> <span class='ocrx_word' id='word_1_33' title='bbox 1326 431 1408 492; x_wconf 81' lang='lat' dir='ltr'>lpeem</span> <span class='ocrx_word' id='word_1_34' title='bbox 1424 432 1536 493; x_wconf 74' lang='grc'><strong>0000000</strong></span> <span class='ocrx_word' id='word_1_35' title='bbox 1550 434 1580 481; x_wconf 78' lang='lat' dir='ltr'>ie</span> <span class='ocrx_word' id='word_1_36' title='bbox 1597 446 1683 485; x_wconf 76' lang='lat' dir='ltr'>ures</span> 
     </span>
     <span class='ocr_line' id='line_1_4' title="bbox 185 496 1739 565; baseline 0 -12"><span class='ocrx_word' id='word_1_37' title='bbox 185 505 297 563; x_wconf 87' lang='lat' dir='ltr'>Deserit,</span> <span class='ocrx_word' id='word_1_38' title='bbox 311 512 338 552; x_wconf 92' lang='lat' dir='ltr'>et</span> <span class='ocrx_word' id='word_1_39' title='bbox 352 501 451 565; x_wconf 69' lang='lat' dir='ltr'>profirpl</span> <span class='ocrx_word' id='word_1_40' title='bbox 469 505 583 565; x_wconf 89' lang='lat' dir='ltr'>sequitur</span> <span class='ocrx_word' id='word_1_41' title='bbox 604 502 711 561; x_wconf 73' lang='lat' dir='ltr'>uestigia</span> <span class='ocrx_word' id='word_1_42' title='bbox 726 499 820 550; x_wconf 81' lang='lat' dir='ltr'>t&#39;retris.</span> <span class='ocrx_word' id='word_1_43' title='bbox 891 504 941 550; x_wconf 82' lang='grc'>000</span> <span class='ocrx_word' id='word_1_44' title='bbox 967 499 1081 561; x_wconf 76' lang='lat' dir='ltr'>Expulit,</span> <span class='ocrx_word' id='word_1_45' title='bbox 1100 507 1126 548; x_wconf 87' lang='lat' dir='ltr'>et</span> <span class='ocrx_word' id='word_1_46' title='bbox 1144 507 1207 547; x_wconf 84' lang='lat' dir='ltr'>uste</span> <span class='ocrx_word' id='word_1_47' title='bbox 1225 508 1266 548; x_wconf 88' lang='lat' dir='ltr'>est</span> <span class='ocrx_word' id='word_1_48' title='bbox 1282 500 1372 561; x_wconf 72' lang='lat' dir='ltr'>ignoro</span> <span class='ocrx_word' id='word_1_49' title='bbox 1388 496 1490 549; x_wconf 77' lang='lat' dir='ltr'>lemine</span> <span class='ocrx_word' id='word_1_50' title='bbox 1512 504 1608 565; x_wconf 77' lang='lat' dir='ltr'>petri3</span> <span class='ocrx_word' id='word_1_51' title='bbox 1698 504 1739 554; x_wconf 78' lang='lat' dir='ltr'>ltl</span> 
     </span>
     <span class='ocr_line' id='line_1_5' title="bbox 185 568 1655 637; baseline 0 -15"><span class='ocrx_word' id='word_1_52' title='bbox 185 573 270 637; x_wconf 88' lang='lat' dir='ltr'>thue</span> <span class='ocrx_word' id='word_1_53' title='bbox 290 581 333 622; x_wconf 87' lang='lat' dir='ltr'>tuo</span> <span class='ocrx_word' id='word_1_54' title='bbox 351 579 446 634; x_wconf 81' lang='lat' dir='ltr'>motae,</span> <span class='ocrx_word' id='word_1_55' title='bbox 464 573 549 634; x_wconf 89' lang='lat' dir='ltr'>proles</span> <span class='ocrx_word' id='word_1_56' title='bbox 567 572 704 631; x_wconf 72' lang='lat' dir='ltr'>Semeleia,</span> <span class='ocrx_word' id='word_1_57' title='bbox 723 571 811 632; x_wconf 78' lang='lat' dir='ltr'>thyrso</span> <span class='ocrx_word' id='word_1_58' title='bbox 967 568 1044 617; x_wconf 86' lang='lat' dir='ltr'>lussit</span> <span class='ocrx_word' id='word_1_59' title='bbox 1057 569 1090 615; x_wconf 83' lang='lat' dir='ltr'>sii</span> <span class='ocrx_word' id='word_1_60' title='bbox 1113 576 1204 629; x_wconf 88' lang='lat' dir='ltr'>meter,</span> <span class='ocrx_word' id='word_1_61' title='bbox 1224 582 1332 630; x_wconf 87' lang='lat' dir='ltr'>puerum</span> <span class='ocrx_word' id='word_1_62' title='bbox 1354 571 1480 619; x_wconf 84' lang='lat' dir='ltr'>mentite:</span> <span class='ocrx_word' id='word_1_63' title='bbox 1503 568 1655 637; x_wconf 73' lang='lat' dir='ltr'>iidemque</span> 
     </span>
     <span class='ocr_line' id='line_1_6' title="bbox 184 636 1714 702; baseline 0.001 -12"><span class='ocrx_word' id='word_1_64' title='bbox 184 643 308 691; x_wconf 81' lang='lat' dir='ltr'>lsnrsriae</span> <span class='ocrx_word' id='word_1_65' title='bbox 326 643 460 690; x_wconf 88' lang='lat' dir='ltr'>celebrent</span> <span class='ocrx_word' id='word_1_66' title='bbox 477 642 589 702; x_wconf 84' lang='lat' dir='ltr'>repetite</span> <span class='ocrx_word' id='word_1_67' title='bbox 607 641 717 688; x_wconf 78' lang='lat' dir='ltr'>triennia</span> <span class='ocrx_word' id='word_1_68' title='bbox 735 640 871 700; x_wconf 77' lang='lat' dir='ltr'>Beccbee3</span> <span class='ocrx_word' id='word_1_69' title='bbox 968 638 1019 685; x_wconf 84' lang='lat' dir='ltr'>iles</span> <span class='ocrx_word' id='word_1_70' title='bbox 1033 637 1138 697; x_wconf 86' lang='lat' dir='ltr'>bebuit;</span> <span class='ocrx_word' id='word_1_71' title='bbox 1158 652 1241 700; x_wconf 89' lang='lat' dir='ltr'>neque</span> <span class='ocrx_word' id='word_1_72' title='bbox 1257 648 1313 687; x_wconf 80' lang='lat' dir='ltr'>eret</span> <span class='ocrx_word' id='word_1_73' title='bbox 1331 636 1393 687; x_wconf 81' lang='lat' dir='ltr'>fecti</span> <span class='ocrx_word' id='word_1_74' title='bbox 1409 640 1459 688; x_wconf 89' lang='lat' dir='ltr'>uisi</span> <span class='ocrx_word' id='word_1_75' title='bbox 1474 642 1595 691; x_wconf 69' lang='lat' dir='ltr'>muscis</span> <span class='ocrx_word' id='word_1_76' title='bbox 1615 644 1714 693; x_wconf 71' lang='lat' dir='ltr'>nutrix.</span> 
     </span>
     <span class='ocr_line' id='line_1_7' title="bbox 185 707 1683 773; baseline 0.001 -14"><span class='ocrx_word' id='word_1_77' title='bbox 185 711 295 773; x_wconf 78' lang='lat' dir='ltr'>Byblida</span> <span class='ocrx_word' id='word_1_78' title='bbox 314 726 363 759; x_wconf 92' lang='lat' dir='ltr'>non</span> <span class='ocrx_word' id='word_1_79' title='bbox 382 713 458 758; x_wconf 78' lang='lat' dir='ltr'>alitor</span> <span class='ocrx_word' id='word_1_80' title='bbox 477 712 541 758; x_wconf 87' lang='lat' dir='ltr'>letos</span> <span class='ocrx_word' id='word_1_81' title='bbox 561 712 671 757; x_wconf 84' lang='lat' dir='ltr'>ulrrlesse</span> <span class='ocrx_word' id='word_1_82' title='bbox 691 723 736 769; x_wconf 89' lang='lat' dir='ltr'>per</span> <span class='ocrx_word' id='word_1_83' title='bbox 755 722 829 767; x_wconf 76' lang='lat' dir='ltr'>egros</span> <span class='ocrx_word' id='word_1_84' title='bbox 969 707 1035 754; x_wconf 84' lang='lat' dir='ltr'>Vote</span> <span class='ocrx_word' id='word_1_85' title='bbox 1050 717 1125 769; x_wconf 82' lang='lat' dir='ltr'>peter</span> <span class='ocrx_word' id='word_1_86' title='bbox 1141 707 1225 766; x_wconf 83' lang='lat' dir='ltr'>soluit,</span> <span class='ocrx_word' id='word_1_87' title='bbox 1247 721 1391 771; x_wconf 78' lang='lat' dir='ltr'>nomenque</span> <span class='ocrx_word' id='word_1_88' title='bbox 1412 709 1534 771; x_wconf 82' lang='lat' dir='ltr'>imponit</span> <span class='ocrx_word' id='word_1_89' title='bbox 1557 711 1683 773; x_wconf 69' lang='lat' dir='ltr'>erite-3</span> 
     </span>
     <span class='ocr_line' id='line_1_8' title="bbox 184 774 1682 845; baseline 0.001 -16"><span class='ocrx_word' id='word_1_90' title='bbox 184 781 327 829; x_wconf 85' lang='lat' dir='ltr'>Bubesldes</span> <span class='ocrx_word' id='word_1_91' title='bbox 346 779 434 827; x_wconf 86' lang='lat' dir='ltr'>ridere</span> <span class='ocrx_word' id='word_1_92' title='bbox 452 793 545 827; x_wconf 84' lang='lat' dir='ltr'>nurus:</span> <span class='ocrx_word' id='word_1_93' title='bbox 566 780 656 841; x_wconf 88' lang='lat' dir='ltr'>quibus</span> <span class='ocrx_word' id='word_1_94' title='bbox 675 778 716 824; x_wconf 91' lang='lat' dir='ltr'>ille</span> <span class='ocrx_word' id='word_1_95' title='bbox 735 779 832 825; x_wconf 87' lang='lat' dir='ltr'>relictis</span> <span class='ocrx_word' id='word_1_96' title='bbox 967 774 1039 837; x_wconf 86' lang='lat' dir='ltr'>Ipbis</span> <span class='ocrx_word' id='word_1_97' title='bbox 1057 790 1120 823; x_wconf 82' lang='lat' dir='ltr'>erus</span> <span class='ocrx_word' id='word_1_98' title='bbox 1139 774 1232 824; x_wconf 79' lang='lat' dir='ltr'>fueret.</span> <span class='ocrx_word' id='word_1_99' title='bbox 1268 777 1364 825; x_wconf 84' lang='lat' dir='ltr'>Guuise</span> <span class='ocrx_word' id='word_1_100' title='bbox 1381 784 1422 825; x_wconf 85' lang='lat' dir='ltr'>est</span> <span class='ocrx_word' id='word_1_101' title='bbox 1440 779 1557 828; x_wconf 77' lang='lat' dir='ltr'>numine</span> <span class='ocrx_word' id='word_1_102' title='bbox 1578 788 1682 845; x_wconf 74' lang='lat' dir='ltr'>netes,</span> 
     </span>
     <span class='ocr_line' id='line_1_9' title="bbox 183 843 1742 910; baseline 0 -11"><span class='ocrx_word' id='word_1_103' title='bbox 183 849 273 909; x_wconf 87' lang='lat' dir='ltr'>Ceres,</span> <span class='ocrx_word' id='word_1_104' title='bbox 282 858 310 898; x_wconf 93' lang='lat' dir='ltr'>et</span> <span class='ocrx_word' id='word_1_105' title='bbox 324 848 457 897; x_wconf 81' lang='lat' dir='ltr'>urrnileros</span> <span class='ocrx_word' id='word_1_106' title='bbox 471 848 587 909; x_wconf 72' lang='lat' dir='ltr'>Leleges,</span> <span class='ocrx_word' id='word_1_107' title='bbox 596 847 748 908; x_wconf 75' lang='lat' dir='ltr'>Lyciamque</span> <span class='ocrx_word' id='word_1_108' title='bbox 756 850 883 908; x_wconf 88' lang='lat' dir='ltr'>pererret.</span> <span class='ocrx_word' id='word_1_109' title='bbox 891 848 941 893; x_wconf 78' lang='grc'>000</span> <span class='ocrx_word' id='word_1_110' title='bbox 967 845 1042 893; x_wconf 77' lang='lat' dir='ltr'>Quod</span> <span class='ocrx_word' id='word_1_111' title='bbox 1055 843 1273 905; x_wconf 85' lang='lat' dir='ltr'>commuuet&#39;oret,</span> <span class='ocrx_word' id='word_1_112' title='bbox 1283 860 1333 894; x_wconf 84' lang='lat' dir='ltr'>nec</span> <span class='ocrx_word' id='word_1_113' title='bbox 1343 860 1491 910; x_wconf 85' lang='lat' dir='ltr'>quenquern</span> <span class='ocrx_word' id='word_1_114' title='bbox 1505 846 1742 903; x_wconf 63' lang='lat' dir='ltr'>fulleretilhtlt</span> 
     </span>
     <span class='ocr_line' id='line_1_10' title="bbox 185 914 1597 980; baseline 0.001 -13"><span class='ocrx_word' id='word_1_115' title='bbox 185 919 241 967; x_wconf 80' lang='lat' dir='ltr'>lem</span> <span class='ocrx_word' id='word_1_116' title='bbox 264 919 381 980; x_wconf 78' lang='lat' dir='ltr'><strong>Cragon,</strong></span> <span class='ocrx_word' id='word_1_117' title='bbox 407 924 433 966; x_wconf 88' lang='lat' dir='ltr'>el</span> <span class='ocrx_word' id='word_1_118' title='bbox 455 918 596 980; x_wconf 82' lang='lat' dir='ltr'>Lymiren,</span> <span class='ocrx_word' id='word_1_119' title='bbox 625 915 776 978; x_wconf 83' lang='lat' dir='ltr'>Xentbique</span> <span class='ocrx_word' id='word_1_120' title='bbox 803 916 942 978; x_wconf 85' lang='lat' dir='ltr'>reliqueret</span> <span class='ocrx_word' id='word_1_121' title='bbox 967 914 1116 975; x_wconf 86' lang='lat' dir='ltr'>intercepte</span> <span class='ocrx_word' id='word_1_122' title='bbox 1134 916 1175 976; x_wconf 83' lang='lat' dir='ltr'>pis</span> <span class='ocrx_word' id='word_1_123' title='bbox 1193 916 1327 964; x_wconf 82' lang='lat' dir='ltr'>menducie</span> <span class='ocrx_word' id='word_1_124' title='bbox 1345 915 1440 964; x_wconf 85' lang='lat' dir='ltr'>lreude</span> <span class='ocrx_word' id='word_1_125' title='bbox 1459 918 1597 968; x_wconf 79' lang='lat' dir='ltr'>letebent</span> 
     </span>
    </p>

    <p class='ocr_par' dir='ltr' id='par_1_3' title="bbox 177 983 1743 4930">
     <span class='ocr_line' id='line_1_11' title="bbox 612 983 1669 1055; baseline 0.003 -23"><span class='ocrx_word' id='word_1_126' title='bbox 612 984 702 1043; x_wconf 83' lang='lat' dir='ltr'>under,</span> <span class='ocrx_word' id='word_1_127' title='bbox 966 983 1057 1031; x_wconf 86' lang='lat' dir='ltr'>Cultus</span> <span class='ocrx_word' id='word_1_128' title='bbox 1076 990 1133 1031; x_wconf 85' lang='lat' dir='ltr'>eret</span> <span class='ocrx_word' id='word_1_129' title='bbox 1152 985 1237 1045; x_wconf 87' lang='lat' dir='ltr'>pueri:</span> <span class='ocrx_word' id='word_1_130' title='bbox 1257 983 1345 1041; x_wconf 78' lang='lat' dir='ltr'>lenies,</span> <span class='ocrx_word' id='word_1_131' title='bbox 1363 999 1438 1050; x_wconf 73' lang='lat' dir='ltr'>quen</span> <span class='ocrx_word' id='word_1_132' title='bbox 1458 988 1519 1036; x_wconf 79' lang='lat' dir='ltr'>eive</span> <span class='ocrx_word' id='word_1_133' title='bbox 1541 991 1669 1055; x_wconf 60' lang='lat' dir='ltr'>pectine,</span> 
     </span>
     <span class='ocr_line' id='line_1_12' title="bbox 184 1052 1628 1122; baseline 0.002 -16"><span class='ocrx_word' id='word_1_134' title='bbox 184 1057 294 1120; x_wconf 80' lang='lat' dir='ltr'>Quoque</span> <span class='ocrx_word' id='word_1_135' title='bbox 311 1056 448 1104; x_wconf 88' lang='lat' dir='ltr'>Cbimeere</span> <span class='ocrx_word' id='word_1_136' title='bbox 463 1055 521 1116; x_wconf 72' lang='lat' dir='ltr'>iugo</span> <span class='ocrx_word' id='word_1_137' title='bbox 541 1053 667 1103; x_wconf 86' lang='lat' dir='ltr'>mediisin</span> <span class='ocrx_word' id='word_1_138' title='bbox 685 1052 800 1116; x_wconf 87' lang='lat' dir='ltr'>pertibus</span> <span class='ocrx_word' id='word_1_139' title='bbox 812 1052 908 1113; x_wconf 66' lang='lat' dir='ltr'>ignem,</span> <span class='ocrx_word' id='word_1_140' title='bbox 967 1053 1027 1100; x_wconf 83' lang='lat' dir='ltr'>Sive</span> <span class='ocrx_word' id='word_1_141' title='bbox 1045 1052 1121 1099; x_wconf 85' lang='lat' dir='ltr'>dures</span> <span class='ocrx_word' id='word_1_142' title='bbox 1140 1067 1229 1113; x_wconf 82' lang='lat' dir='ltr'>puero,</span> <span class='ocrx_word' id='word_1_143' title='bbox 1247 1052 1323 1102; x_wconf 79' lang='lat' dir='ltr'>fleret</span> <span class='ocrx_word' id='word_1_144' title='bbox 1341 1052 1467 1103; x_wconf 78' lang='lat' dir='ltr'>formosus</span> <span class='ocrx_word' id='word_1_145' title='bbox 1487 1064 1628 1122; x_wconf 81' lang='lat' dir='ltr'>uterque.</span> 
     </span>
     <span class='ocr_line' id='line_1_13' title="bbox 184 1121 1615 1187; baseline 0.002 -14"><span class='ocrx_word' id='word_1_146' title='bbox 184 1126 280 1173; x_wconf 87' lang='lat' dir='ltr'>Pectus</span> <span class='ocrx_word' id='word_1_147' title='bbox 299 1132 326 1172; x_wconf 87' lang='lat' dir='ltr'>el</span> <span class='ocrx_word' id='word_1_148' title='bbox 344 1140 389 1173; x_wconf 92' lang='lat' dir='ltr'>ore</span> <span class='ocrx_word' id='word_1_149' title='bbox 408 1126 477 1184; x_wconf 88' lang='lat' dir='ltr'>leee,</span> <span class='ocrx_word' id='word_1_150' title='bbox 496 1123 604 1172; x_wconf 82' lang='lat' dir='ltr'>eeudmn</span> <span class='ocrx_word' id='word_1_151' title='bbox 623 1123 751 1184; x_wconf 84' lang='lat' dir='ltr'>serpentis</span> <span class='ocrx_word' id='word_1_152' title='bbox 769 1122 890 1169; x_wconf 85' lang='lat' dir='ltr'>bubebst.</span> <span class='ocrx_word' id='word_1_153' title='bbox 965 1121 1067 1169; x_wconf 80' lang='lat' dir='ltr'>Tertius</span> <span class='ocrx_word' id='word_1_154' title='bbox 1085 1123 1184 1169; x_wconf 82' lang='lat' dir='ltr'>interes</span> <span class='ocrx_word' id='word_1_155' title='bbox 1202 1122 1300 1171; x_wconf 85' lang='lat' dir='ltr'>decimo</span> <span class='ocrx_word' id='word_1_156' title='bbox 1318 1133 1478 1172; x_wconf 78' lang='lat' dir='ltr'>succenseret</span> <span class='ocrx_word' id='word_1_157' title='bbox 1496 1140 1615 1187; x_wconf 80' lang='grc' dir='ltr'><strong>0000ος</strong></span> 
     </span>
     <span class='ocr_line' id='line_1_14' title="bbox 184 1191 1741 1264; baseline 0.002 -20"><span class='ocrx_word' id='word_1_158' title='bbox 184 1193 317 1244; x_wconf 79' lang='lat' dir='ltr'>Deficiunt</span> <span class='ocrx_word' id='word_1_159' title='bbox 335 1195 428 1243; x_wconf 84' lang='lat' dir='ltr'>eiluue:</span> <span class='ocrx_word' id='word_1_160' title='bbox 448 1208 524 1257; x_wconf 89' lang='lat' dir='ltr'>quum</span> <span class='ocrx_word' id='word_1_161' title='bbox 542 1200 570 1242; x_wconf 92' lang='lat' dir='ltr'>tu</span> <span class='ocrx_word' id='word_1_162' title='bbox 590 1196 685 1241; x_wconf 84' lang='lat' dir='ltr'>luusets</span> <span class='ocrx_word' id='word_1_163' title='bbox 703 1191 835 1254; x_wconf 89' lang='lat' dir='ltr'>sequendo</span> <span class='ocrx_word' id='word_1_164' title='bbox 967 1192 1052 1239; x_wconf 80' lang='lat' dir='ltr'>iluurn</span> <span class='ocrx_word' id='word_1_165' title='bbox 1063 1200 1146 1252; x_wconf 87' lang='lat' dir='ltr'>peter,</span> <span class='ocrx_word' id='word_1_166' title='bbox 1158 1191 1225 1253; x_wconf 86' lang='lat' dir='ltr'>lpbi,</span> <span class='ocrx_word' id='word_1_167' title='bbox 1236 1194 1280 1241; x_wconf 93' lang='lat' dir='ltr'>tibi</span> <span class='ocrx_word' id='word_1_168' title='bbox 1290 1197 1381 1243; x_wconf 82' lang='lat' dir='ltr'>lleuem</span> <span class='ocrx_word' id='word_1_169' title='bbox 1390 1193 1549 1255; x_wconf 75' lang='lat' dir='ltr'>despondet</span> <span class='ocrx_word' id='word_1_170' title='bbox 1559 1197 1741 1264; x_wconf 53' lang='lat' dir='ltr'>lenthqtll</span> 
     </span>
     <span class='ocr_line' id='line_1_15' title="bbox 183 1259 1648 1326; baseline 0.003 -13"><span class='ocrx_word' id='word_1_171' title='bbox 183 1264 311 1320; x_wconf 85' lang='lat' dir='ltr'>Procidis,</span> <span class='ocrx_word' id='word_1_172' title='bbox 329 1271 364 1323; x_wconf 86' lang='lat' dir='ltr'>et,</span> <span class='ocrx_word' id='word_1_173' title='bbox 384 1262 448 1311; x_wconf 83' lang='lat' dir='ltr'>durs</span> <span class='ocrx_word' id='word_1_174' title='bbox 467 1263 554 1326; x_wconf 87' lang='lat' dir='ltr'>positis</span> <span class='ocrx_word' id='word_1_175' title='bbox 573 1265 665 1311; x_wconf 89' lang='lat' dir='ltr'>tellure</span> <span class='ocrx_word' id='word_1_176' title='bbox 683 1260 792 1322; x_wconf 85' lang='lat' dir='ltr'>cupillis,</span> <span class='ocrx_word' id='word_1_177' title='bbox 891 1262 941 1307; x_wconf 83' lang='grc'>000</span> <span class='ocrx_word' id='word_1_178' title='bbox 968 1259 1041 1308; x_wconf 90' lang='lat' dir='ltr'>luter</span> <span class='ocrx_word' id='word_1_179' title='bbox 1062 1261 1229 1309; x_wconf 68' lang='lat' dir='ltr'>Phaestiadas</span> <span class='ocrx_word' id='word_1_180' title='bbox 1247 1276 1312 1324; x_wconf 84' lang='lat' dir='ltr'>quoe</span> <span class='ocrx_word' id='word_1_181' title='bbox 1330 1262 1509 1313; x_wconf 84' lang='lat' dir='ltr'>leudetiseirne</span> <span class='ocrx_word' id='word_1_182' title='bbox 1531 1264 1648 1319; x_wconf 72' lang='lat' dir='ltr'>forme</span> 
     </span>
     <span class='ocr_line' id='line_1_16' title="bbox 185 1326 1547 1396; baseline 0.002 -15"><span class='ocrx_word' id='word_1_183' title='bbox 185 1333 271 1396; x_wconf 80' lang='lat' dir='ltr'>Bybli,</span> <span class='ocrx_word' id='word_1_184' title='bbox 284 1334 361 1391; x_wconf 87' lang='lat' dir='ltr'>leces,</span> <span class='ocrx_word' id='word_1_185' title='bbox 371 1331 528 1396; x_wconf 81' lang='lat' dir='ltr'>frondesque</span> <span class='ocrx_word' id='word_1_186' title='bbox 547 1340 591 1380; x_wconf 90' lang='lat' dir='ltr'>tuo</span> <span class='ocrx_word' id='word_1_187' title='bbox 615 1330 709 1393; x_wconf 86' lang='lat' dir='ltr'>premis</span> <span class='ocrx_word' id='word_1_188' title='bbox 728 1343 772 1377; x_wconf 90' lang='lat' dir='ltr'>ore</span> <span class='ocrx_word' id='word_1_189' title='bbox 787 1326 906 1377; x_wconf 81' lang='lat' dir='ltr'>ceduces.</span> <span class='ocrx_word' id='word_1_190' title='bbox 968 1329 1035 1377; x_wconf 84' lang='lat' dir='ltr'>Dote</span> <span class='ocrx_word' id='word_1_191' title='bbox 1053 1327 1101 1378; x_wconf 82' lang='lat' dir='ltr'>l&#39;uit</span> <span class='ocrx_word' id='word_1_192' title='bbox 1119 1332 1198 1392; x_wconf 76' lang='lat' dir='ltr'>uirgo.</span> <span class='ocrx_word' id='word_1_193' title='bbox 1218 1330 1327 1379; x_wconf 68' lang='lat' dir='ltr'>Dictaeo</span> <span class='ocrx_word' id='word_1_194' title='bbox 1344 1341 1407 1381; x_wconf 82' lang='lat' dir='ltr'>nete</span> <span class='ocrx_word' id='word_1_195' title='bbox 1423 1333 1547 1384; x_wconf 85' lang='lat' dir='ltr'>Teleste.</span> 
     </span>
     <span class='ocr_line' id='line_1_17' title="bbox 185 1397 1684 1469; baseline 0.003 -20"><span class='ocrx_word' id='word_1_196' title='bbox 185 1402 271 1464; x_wconf 76' lang='lat' dir='ltr'>Seepe</span> <span class='ocrx_word' id='word_1_197' title='bbox 288 1402 364 1450; x_wconf 86' lang='lat' dir='ltr'>etium</span> <span class='ocrx_word' id='word_1_198' title='bbox 377 1402 512 1464; x_wconf 81' lang='lat' dir='ltr'>Nymplrue</span> <span class='ocrx_word' id='word_1_199' title='bbox 524 1403 619 1450; x_wconf 90' lang='lat' dir='ltr'>teneris</span> <span class='ocrx_word' id='word_1_200' title='bbox 635 1398 787 1461; x_wconf 70' lang='lat' dir='ltr'>Lelegeides</span> <span class='ocrx_word' id='word_1_201' title='bbox 807 1397 873 1444; x_wconf 88' lang='lat' dir='ltr'>ulnis</span> <span class='ocrx_word' id='word_1_202' title='bbox 967 1398 1019 1446; x_wconf 81' lang='lat' dir='ltr'>Per</span> <span class='ocrx_word' id='word_1_203' title='bbox 1031 1408 1113 1457; x_wconf 82' lang='lat' dir='ltr'>uetes,</span> <span class='ocrx_word' id='word_1_204' title='bbox 1134 1414 1180 1461; x_wconf 86' lang='lat' dir='ltr'>pur</span> <span class='ocrx_word' id='word_1_205' title='bbox 1192 1398 1274 1448; x_wconf 77' lang='lat' dir='ltr'>forme</span> <span class='ocrx_word' id='word_1_206' title='bbox 1287 1400 1347 1449; x_wconf 85' lang='lat' dir='ltr'>luit:</span> <span class='ocrx_word' id='word_1_207' title='bbox 1367 1403 1517 1466; x_wconf 82' lang='lat' dir='ltr'>prioresque</span> <span class='ocrx_word' id='word_1_208' title='bbox 1537 1407 1684 1469; x_wconf 70' lang='lat' dir='ltr'>negieub</span> 
     </span>
     <span class='ocr_line' id='line_1_18' title="bbox 184 1466 1739 1543; baseline 0.005 -24"><span class='ocrx_word' id='word_1_209' title='bbox 184 1470 287 1519; x_wconf 75' lang='lat' dir='ltr'>Tollere</span> <span class='ocrx_word' id='word_1_210' title='bbox 301 1477 440 1519; x_wconf 86' lang='lat' dir='ltr'>conentur:</span> <span class='ocrx_word' id='word_1_211' title='bbox 460 1485 547 1532; x_wconf 83' lang='lat' dir='ltr'>reepe,</span> <span class='ocrx_word' id='word_1_212' title='bbox 572 1477 599 1517; x_wconf 90' lang='lat' dir='ltr'>nt</span> <span class='ocrx_word' id='word_1_213' title='bbox 620 1467 768 1518; x_wconf 77' lang='lat' dir='ltr'>moderetur</span> <span class='ocrx_word' id='word_1_214' title='bbox 786 1466 875 1527; x_wconf 87' lang='lat' dir='ltr'>emori,</span> <span class='ocrx_word' id='word_1_215' title='bbox 968 1471 1102 1530; x_wconf 78' lang='lat' dir='ltr'>Accepere</span> <span class='ocrx_word' id='word_1_216' title='bbox 1119 1476 1199 1529; x_wconf 88' lang='lat' dir='ltr'>ertes,</span> <span class='ocrx_word' id='word_1_217' title='bbox 1217 1470 1347 1518; x_wconf 78' lang='lat' dir='ltr'>elemento</span> <span class='ocrx_word' id='word_1_218' title='bbox 1364 1471 1466 1530; x_wconf 87' lang='lat' dir='ltr'>eetetis,</span> <span class='ocrx_word' id='word_1_219' title='bbox 1486 1474 1522 1521; x_wconf 88' lang='lat' dir='ltr'>eb</span> <span class='ocrx_word' id='word_1_220' title='bbox 1542 1475 1652 1527; x_wconf 77' lang='lat' dir='ltr'>isdem.</span> <span class='ocrx_word' id='word_1_221' title='bbox 1686 1478 1739 1543; x_wconf 76' lang='lat' dir='ltr'>[ttt</span> 
     </span>
     <span class='ocr_line' id='line_1_19' title="bbox 185 1536 1739 1613; baseline 0.005 -25"><span class='ocrx_word' id='word_1_222' title='bbox 185 1539 370 1601; x_wconf 81' lang='lat' dir='ltr'>Preecipiunt:</span> <span class='ocrx_word' id='word_1_223' title='bbox 390 1538 534 1604; x_wconf 83' lang='lat' dir='ltr'>surdeeque</span> <span class='ocrx_word' id='word_1_224' title='bbox 548 1539 672 1587; x_wconf 76' lang='lat' dir='ltr'>adhibent</span> <span class='ocrx_word' id='word_1_225' title='bbox 693 1537 784 1586; x_wconf 85' lang='lat' dir='ltr'>soletis</span> <span class='ocrx_word' id='word_1_226' title='bbox 801 1536 890 1584; x_wconf 87' lang='lat' dir='ltr'>menti.</span> <span class='ocrx_word' id='word_1_227' title='bbox 968 1537 1037 1585; x_wconf 87' lang='lat' dir='ltr'>Hinc</span> <span class='ocrx_word' id='word_1_228' title='bbox 1050 1552 1121 1586; x_wconf 90' lang='lat' dir='ltr'>emor</span> <span class='ocrx_word' id='word_1_229' title='bbox 1136 1542 1266 1587; x_wconf 87' lang='lat' dir='ltr'>embernm</span> <span class='ocrx_word' id='word_1_230' title='bbox 1284 1540 1368 1601; x_wconf 78' lang='lat' dir='ltr'>tetigit</span> <span class='ocrx_word' id='word_1_231' title='bbox 1383 1539 1446 1588; x_wconf 84' lang='lat' dir='ltr'>rudo</span> <span class='ocrx_word' id='word_1_232' title='bbox 1463 1549 1579 1603; x_wconf 79' lang='lat' dir='ltr'>pectus,</span> <span class='ocrx_word' id='word_1_233' title='bbox 1596 1554 1628 1596; x_wconf 86' lang='lat' dir='ltr'>et</span> <span class='ocrx_word' id='word_1_234' title='bbox 1637 1562 1739 1613; x_wconf 76' lang='lat' dir='ltr'>seque</span> 
     </span>
     <span class='ocr_line' id='line_1_20' title="bbox 183 1606 1674 1679; baseline 0.006 -23"><span class='ocrx_word' id='word_1_235' title='bbox 183 1607 259 1656; x_wconf 78' lang='lat' dir='ltr'>Mure</span> <span class='ocrx_word' id='word_1_236' title='bbox 271 1609 347 1665; x_wconf 82' lang='lat' dir='ltr'>lecet,</span> <span class='ocrx_word' id='word_1_237' title='bbox 363 1608 566 1672; x_wconf 82' lang='lat' dir='ltr'>uiridesquesuis</span> <span class='ocrx_word' id='word_1_238' title='bbox 580 1609 640 1657; x_wconf 88' lang='lat' dir='ltr'>terit</span> <span class='ocrx_word' id='word_1_239' title='bbox 653 1608 778 1668; x_wconf 71' lang='lat' dir='ltr'>unguibus</span> <span class='ocrx_word' id='word_1_240' title='bbox 791 1606 942 1654; x_wconf 74' lang='lat' dir='ltr'>berbestldd</span> <span class='ocrx_word' id='word_1_241' title='bbox 968 1607 1067 1655; x_wconf 84' lang='lat' dir='ltr'>Vulnus</span> <span class='ocrx_word' id='word_1_242' title='bbox 1086 1608 1185 1671; x_wconf 92' lang='lat' dir='ltr'>utrique</span> <span class='ocrx_word' id='word_1_243' title='bbox 1205 1609 1275 1668; x_wconf 73' lang='lat' dir='ltr'>tulit3</span> <span class='ocrx_word' id='word_1_244' title='bbox 1296 1609 1342 1657; x_wconf 85' lang='lat' dir='ltr'>red</span> <span class='ocrx_word' id='word_1_245' title='bbox 1361 1618 1417 1659; x_wconf 87' lang='lat' dir='ltr'>eret</span> <span class='ocrx_word' id='word_1_246' title='bbox 1435 1608 1538 1660; x_wconf 81' lang='lat' dir='ltr'>fiducie</span> <span class='ocrx_word' id='word_1_247' title='bbox 1559 1615 1674 1679; x_wconf 85' lang='lat' dir='ltr'>disper.</span> 
     </span>
     <span class='ocr_line' id='line_1_21' title="bbox 185 1675 1682 1749; baseline 0.005 -23"><span class='ocrx_word' id='word_1_248' title='bbox 185 1677 285 1741; x_wconf 80' lang='lat' dir='ltr'>Byblis,</span> <span class='ocrx_word' id='word_1_249' title='bbox 304 1687 331 1726; x_wconf 88' lang='lat' dir='ltr'>et</span> <span class='ocrx_word' id='word_1_250' title='bbox 348 1679 480 1726; x_wconf 86' lang='lat' dir='ltr'>irumectet</span> <span class='ocrx_word' id='word_1_251' title='bbox 498 1679 658 1727; x_wconf 83' lang='lat' dir='ltr'>lecrimurum</span> <span class='ocrx_word' id='word_1_252' title='bbox 677 1676 792 1738; x_wconf 75' lang='lat' dir='ltr'>gramine</span> <span class='ocrx_word' id='word_1_253' title='bbox 809 1675 873 1723; x_wconf 81' lang='lat' dir='ltr'>rivo.</span> <span class='ocrx_word' id='word_1_254' title='bbox 967 1675 1083 1737; x_wconf 78' lang='lat' dir='ltr'>Coniugii</span> <span class='ocrx_word' id='word_1_255' title='bbox 1102 1686 1244 1740; x_wconf 88' lang='lat' dir='ltr'>pecteeque</span> <span class='ocrx_word' id='word_1_256' title='bbox 1266 1686 1401 1739; x_wconf 81' lang='lat' dir='ltr'>exspectet</span> <span class='ocrx_word' id='word_1_257' title='bbox 1416 1687 1542 1741; x_wconf 83' lang='lat' dir='ltr'>tempore</span> <span class='ocrx_word' id='word_1_258' title='bbox 1564 1686 1682 1749; x_wconf 72' lang='lat' dir='ltr'>laedes,</span> 
     </span>
     <span class='ocr_line' id='line_1_22' title="bbox 184 1745 1737 1812; baseline 0.008 -17"><span class='ocrx_word' id='word_1_259' title='bbox 184 1745 285 1795; x_wconf 70' lang='lat' dir='ltr'>nutes</span> <span class='ocrx_word' id='word_1_260' title='bbox 303 1747 341 1796; x_wconf 88' lang='lat' dir='ltr'>bis</span> <span class='ocrx_word' id='word_1_261' title='bbox 357 1761 459 1805; x_wconf 83' lang='lat' dir='ltr'>venum,</span> <span class='ocrx_word' id='word_1_262' title='bbox 476 1761 541 1812; x_wconf 91' lang='lat' dir='ltr'>quue</span> <span class='ocrx_word' id='word_1_263' title='bbox 561 1760 689 1809; x_wconf 90' lang='lat' dir='ltr'>nunqusm</span> <span class='ocrx_word' id='word_1_264' title='bbox 711 1758 830 1794; x_wconf 82' lang='lat' dir='ltr'>erescere</span> <span class='ocrx_word' id='word_1_265' title='bbox 846 1749 942 1805; x_wconf 84' lang='lat' dir='ltr'>posset,</span> <span class='ocrx_word' id='word_1_266' title='bbox 967 1746 1102 1809; x_wconf 81' lang='lat' dir='ltr'>Quemque</span> <span class='ocrx_word' id='word_1_267' title='bbox 1115 1745 1195 1793; x_wconf 83' lang='lat' dir='ltr'>virum</span> <span class='ocrx_word' id='word_1_268' title='bbox 1209 1753 1285 1808; x_wconf 90' lang='lat' dir='ltr'>putet</span> <span class='ocrx_word' id='word_1_269' title='bbox 1297 1762 1363 1803; x_wconf 83' lang='lat' dir='ltr'>esse.</span> <span class='ocrx_word' id='word_1_270' title='bbox 1374 1746 1515 1798; x_wconf 77' lang='lat' dir='ltr'>suumiore</span> <span class='ocrx_word' id='word_1_271' title='bbox 1534 1754 1634 1805; x_wconf 84' lang='lat' dir='ltr'>credit</span> <span class='ocrx_word' id='word_1_272' title='bbox 1643 1756 1737 1809; x_wconf 67' lang='lat' dir='ltr'>tenu.</span> 
     </span>
     <span class='ocr_line' id='line_1_23' title="bbox 184 1814 1683 1887; baseline 0.007 -24"><span class='ocrx_word' id='word_1_273' title='bbox 184 1815 355 1878; x_wconf 77' lang='lat' dir='ltr'>Supposuisse</span> <span class='ocrx_word' id='word_1_274' title='bbox 363 1816 463 1865; x_wconf 83' lang='lat' dir='ltr'>serunt:</span> <span class='ocrx_word' id='word_1_275' title='bbox 482 1817 543 1879; x_wconf 91' lang='lat' dir='ltr'>quid</span> <span class='ocrx_word' id='word_1_276' title='bbox 556 1815 695 1864; x_wconf 88' lang='lat' dir='ltr'>enimdere</span> <span class='ocrx_word' id='word_1_277' title='bbox 709 1814 941 1862; x_wconf 81' lang='lat' dir='ltr'>meiuslrebebeutl</span> <span class='ocrx_word' id='word_1_278' title='bbox 968 1814 1038 1874; x_wconf 83' lang='lat' dir='ltr'>lpluir</span> <span class='ocrx_word' id='word_1_279' title='bbox 1055 1822 1134 1873; x_wconf 83' lang='lat' dir='ltr'>emet,</span> <span class='ocrx_word' id='word_1_280' title='bbox 1153 1831 1202 1879; x_wconf 83' lang='lat' dir='ltr'>que</span> <span class='ocrx_word' id='word_1_281' title='bbox 1222 1830 1297 1877; x_wconf 86' lang='lat' dir='ltr'>porse</span> <span class='ocrx_word' id='word_1_282' title='bbox 1318 1814 1368 1864; x_wconf 86' lang='lat' dir='ltr'>irui</span> <span class='ocrx_word' id='word_1_283' title='bbox 1386 1817 1524 1879; x_wconf 83' lang='lat' dir='ltr'>desperet,</span> <span class='ocrx_word' id='word_1_284' title='bbox 1544 1830 1576 1872; x_wconf 85' lang='lat' dir='ltr'>et</span> <span class='ocrx_word' id='word_1_285' title='bbox 1594 1834 1683 1887; x_wconf 66' lang='lat' dir='ltr'>unget</span> 
     </span>
     <span class='ocr_line' id='line_1_24' title="bbox 184 1882 1738 1959; baseline 0.008 -26"><span class='ocrx_word' id='word_1_286' title='bbox 184 1884 316 1946; x_wconf 87' lang='lat' dir='ltr'>Protinus,</span> <span class='ocrx_word' id='word_1_287' title='bbox 334 1893 449 1936; x_wconf 85' lang='lat' dir='ltr'>utsecto</span> <span class='ocrx_word' id='word_1_288' title='bbox 468 1887 557 1947; x_wconf 88' lang='lat' dir='ltr'>piceee</span> <span class='ocrx_word' id='word_1_289' title='bbox 575 1885 609 1934; x_wconf 87' lang='lat' dir='ltr'>de</span> <span class='ocrx_word' id='word_1_290' title='bbox 627 1885 722 1933; x_wconf 86' lang='lat' dir='ltr'>cortice</span> <span class='ocrx_word' id='word_1_291' title='bbox 743 1890 842 1945; x_wconf 68' lang='lat' dir='ltr'>guttae,</span> <span class='ocrx_word' id='word_1_292' title='bbox 967 1883 1024 1931; x_wconf 85' lang='lat' dir='ltr'>Hoc</span> <span class='ocrx_word' id='word_1_293' title='bbox 1039 1884 1121 1945; x_wconf 87' lang='lat' dir='ltr'>iprum</span> <span class='ocrx_word' id='word_1_294' title='bbox 1135 1882 1264 1934; x_wconf 82' lang='lat' dir='ltr'>ilemrnse:</span> <span class='ocrx_word' id='word_1_295' title='bbox 1284 1885 1408 1950; x_wconf 73' lang='lat' dir='ltr'>ardetque</span> <span class='ocrx_word' id='word_1_296' title='bbox 1422 1888 1448 1935; x_wconf 92' lang='lat' dir='ltr'>in</span> <span class='ocrx_word' id='word_1_297' title='bbox 1466 1888 1576 1951; x_wconf 73' lang='lat' dir='ltr'>virgine</span> <span class='ocrx_word' id='word_1_298' title='bbox 1596 1894 1738 1959; x_wconf 67' lang='lat' dir='ltr'>eirgmw</span> 
     </span>
     <span class='ocr_line' id='line_1_25' title="bbox 185 1952 1740 2032; baseline 0.006 -30"><span class='ocrx_word' id='word_1_299' title='bbox 185 1954 272 2019; x_wconf 90' lang='lat' dir='ltr'>thue</span> <span class='ocrx_word' id='word_1_300' title='bbox 294 1962 372 2004; x_wconf 81' lang='lat' dir='ltr'>tenue</span> <span class='ocrx_word' id='word_1_301' title='bbox 390 1956 496 2017; x_wconf 72' lang='lat' dir='ltr'>gravius</span> <span class='ocrx_word' id='word_1_302' title='bbox 514 1964 603 2004; x_wconf 85' lang='lat' dir='ltr'>munet</span> <span class='ocrx_word' id='word_1_303' title='bbox 620 1956 712 2003; x_wconf 87' lang='lat' dir='ltr'>tellure</span> <span class='ocrx_word' id='word_1_304' title='bbox 732 1954 865 2012; x_wconf 77' lang='lat' dir='ltr'>bitumeu3</span> <span class='ocrx_word' id='word_1_305' title='bbox 891 1954 941 1999; x_wconf 86' lang='grc'>000</span> <span class='ocrx_word' id='word_1_306' title='bbox 966 1952 1298 2021; x_wconf 71' lang='lat' dir='ltr'>Vixquetenenslucrimus,</span> <span class='ocrx_word' id='word_1_307' title='bbox 1311 1957 1740 2032; x_wconf 56' lang='lat' dir='ltr'>Quissnemeuetuitmiep&#39;,</span> 
     </span>
     <span class='ocr_line' id='line_1_26' title="bbox 185 2021 1713 2101; baseline 0.007 -29"><span class='ocrx_word' id='word_1_308' title='bbox 185 2023 271 2088; x_wconf 89' lang='lat' dir='ltr'>thue</span> <span class='ocrx_word' id='word_1_309' title='bbox 290 2025 336 2073; x_wconf 86' lang='lat' dir='ltr'>sub</span> <span class='ocrx_word' id='word_1_310' title='bbox 354 2025 494 2074; x_wconf 76' lang='lat' dir='ltr'>adventurn</span> <span class='ocrx_word' id='word_1_311' title='bbox 513 2025 635 2087; x_wconf 88' lang='lat' dir='ltr'>spirentis</span> <span class='ocrx_word' id='word_1_312' title='bbox 652 2025 711 2072; x_wconf 87' lang='lat' dir='ltr'>leue</span> <span class='ocrx_word' id='word_1_313' title='bbox 730 2021 828 2071; x_wconf 82' lang='lat' dir='ltr'>Puunni</span> <span class='ocrx_word' id='word_1_314' title='bbox 966 2022 1074 2081; x_wconf 72' lang='lat' dir='ltr'>Cognito</span> <span class='ocrx_word' id='word_1_315' title='bbox 1099 2038 1173 2086; x_wconf 88' lang='lat' dir='ltr'>qrrem</span> <span class='ocrx_word' id='word_1_316' title='bbox 1195 2024 1267 2085; x_wconf 91' lang='lat' dir='ltr'>nulli,</span> <span class='ocrx_word' id='word_1_317' title='bbox 1284 2039 1359 2087; x_wconf 84' lang='lat' dir='ltr'>quam</span> <span class='ocrx_word' id='word_1_318' title='bbox 1381 2026 1542 2089; x_wconf 73' lang='lat' dir='ltr'>prodigiose,</span> <span class='ocrx_word' id='word_1_319' title='bbox 1564 2046 1713 2101; x_wconf 81' lang='lat' dir='ltr'>noveeqee</span> 
     </span>
     <span class='ocr_line' id='line_1_27' title="bbox 185 2091 1715 2167; baseline 0.008 -26"><span class='ocrx_word' id='word_1_320' title='bbox 185 2093 246 2141; x_wconf 75' lang='lat' dir='ltr'>Sole</span> <span class='ocrx_word' id='word_1_321' title='bbox 264 2094 428 2154; x_wconf 84' lang='lat' dir='ltr'>remollescit,</span> <span class='ocrx_word' id='word_1_322' title='bbox 446 2109 512 2157; x_wconf 81' lang='lat' dir='ltr'>quse</span> <span class='ocrx_word' id='word_1_323' title='bbox 531 2093 624 2155; x_wconf 73' lang='lat' dir='ltr'>frigore</span> <span class='ocrx_word' id='word_1_324' title='bbox 643 2092 756 2141; x_wconf 86' lang='lat' dir='ltr'>constitit</span> <span class='ocrx_word' id='word_1_325' title='bbox 775 2091 859 2151; x_wconf 87' lang='lat' dir='ltr'>unde;</span> <span class='ocrx_word' id='word_1_326' title='bbox 967 2094 1035 2142; x_wconf 87' lang='lat' dir='ltr'>Cure</span> <span class='ocrx_word' id='word_1_327' title='bbox 1053 2099 1126 2140; x_wconf 79' lang='lat' dir='ltr'>tenet</span> <span class='ocrx_word' id='word_1_328' title='bbox 1143 2092 1272 2141; x_wconf 84' lang='lat' dir='ltr'>Venerist</span> <span class='ocrx_word' id='word_1_329' title='bbox 1290 2095 1317 2142; x_wconf 85' lang='lat' dir='ltr'>Si</span> <span class='ocrx_word' id='word_1_330' title='bbox 1336 2094 1362 2142; x_wconf 92' lang='lat' dir='ltr'>di</span> <span class='ocrx_word' id='word_1_331' title='bbox 1379 2096 1438 2143; x_wconf 87' lang='lat' dir='ltr'>milri</span> <span class='ocrx_word' id='word_1_332' title='bbox 1458 2110 1577 2158; x_wconf 74' lang='lat' dir='ltr'>parcere</span> <span class='ocrx_word' id='word_1_333' title='bbox 1599 2106 1715 2167; x_wconf 78' lang='lat' dir='ltr'>vellent,</span> 
     </span>
     <span class='ocr_line' id='line_1_28' title="bbox 183 2161 1706 2237; baseline 0.011 -27"><span class='ocrx_word' id='word_1_334' title='bbox 183 2162 226 2211; x_wconf 83' lang='lat' dir='ltr'>Sic</span> <span class='ocrx_word' id='word_1_335' title='bbox 242 2163 352 2211; x_wconf 89' lang='lat' dir='ltr'>lecrimis</span> <span class='ocrx_word' id='word_1_336' title='bbox 370 2171 521 2226; x_wconf 85' lang='lat' dir='ltr'>consumpte</span> <span class='ocrx_word' id='word_1_337' title='bbox 538 2164 590 2212; x_wconf 85' lang='lat' dir='ltr'>suis</span> <span class='ocrx_word' id='word_1_338' title='bbox 609 2162 740 2212; x_wconf 79' lang='lat' dir='ltr'>Phoebeie</span> <span class='ocrx_word' id='word_1_339' title='bbox 754 2161 844 2223; x_wconf 80' lang='lat' dir='ltr'>Byblis</span> <span class='ocrx_word' id='word_1_340' title='bbox 968 2161 1081 2209; x_wconf 87' lang='lat' dir='ltr'>Perdere</span> <span class='ocrx_word' id='word_1_341' title='bbox 1100 2162 1262 2210; x_wconf 79' lang='lat' dir='ltr'>debuerunt:</span> <span class='ocrx_word' id='word_1_342' title='bbox 1282 2164 1302 2211; x_wconf 91' lang='lat' dir='ltr'>si</span> <span class='ocrx_word' id='word_1_343' title='bbox 1321 2178 1371 2211; x_wconf 88' lang='lat' dir='ltr'>nou</span> <span class='ocrx_word' id='word_1_344' title='bbox 1390 2172 1417 2213; x_wconf 89' lang='lat' dir='ltr'>et</span> <span class='ocrx_word' id='word_1_345' title='bbox 1434 2166 1556 2227; x_wconf 78' lang='lat' dir='ltr'>perdere</span> <span class='ocrx_word' id='word_1_346' title='bbox 1577 2174 1706 2237; x_wconf 70' lang='lat' dir='ltr'>vetlem</span> 
     </span>
     <span class='ocr_line' id='line_1_29' title="bbox 183 2229 1741 2297; baseline 0.004 -18"><span class='ocrx_word' id='word_1_347' title='bbox 183 2231 300 2280; x_wconf 83' lang='lat' dir='ltr'>Vertitur</span> <span class='ocrx_word' id='word_1_348' title='bbox 316 2234 341 2280; x_wconf 93' lang='lat' dir='ltr'>in</span> <span class='ocrx_word' id='word_1_349' title='bbox 359 2232 465 2292; x_wconf 79' lang='lat' dir='ltr'>iontem,</span> <span class='ocrx_word' id='word_1_350' title='bbox 482 2235 524 2297; x_wconf 87' lang='lat' dir='ltr'>qui</span> <span class='ocrx_word' id='word_1_351' title='bbox 539 2248 607 2282; x_wconf 87' lang='lat' dir='ltr'>nnnc</span> <span class='ocrx_word' id='word_1_352' title='bbox 621 2246 722 2296; x_wconf 89' lang='lat' dir='ltr'>quoque</span> <span class='ocrx_word' id='word_1_353' title='bbox 740 2232 846 2278; x_wconf 78' lang='lat' dir='ltr'>nullibus</span> <span class='ocrx_word' id='word_1_354' title='bbox 857 2229 906 2277; x_wconf 87' lang='lat' dir='ltr'>illis</span> <span class='ocrx_word' id='word_1_355' title='bbox 967 2230 1091 2278; x_wconf 77' lang='lat' dir='ltr'>Naturele</span> <span class='ocrx_word' id='word_1_356' title='bbox 1109 2232 1201 2279; x_wconf 85' lang='lat' dir='ltr'>melum</span> <span class='ocrx_word' id='word_1_357' title='bbox 1220 2234 1309 2280; x_wconf 77' lang='lat' dir='ltr'>saltem</span> <span class='ocrx_word' id='word_1_358' title='bbox 1326 2240 1353 2281; x_wconf 90' lang='lat' dir='ltr'>et</span> <span class='ocrx_word' id='word_1_359' title='bbox 1373 2232 1407 2281; x_wconf 93' lang='lat' dir='ltr'>de</span> <span class='ocrx_word' id='word_1_360' title='bbox 1427 2249 1497 2283; x_wconf 84' lang='lat' dir='ltr'>more</span> <span class='ocrx_word' id='word_1_361' title='bbox 1513 2237 1682 2297; x_wconf 67' lang='lat' dir='ltr'>dedissent,</span> <span class='ocrx_word' id='word_1_362' title='bbox 1699 2248 1741 2295; x_wconf 75' lang='lat' dir='ltr'>ne</span> 
     </span>
     <span class='ocr_line' id='line_1_30' title="bbox 183 2300 1742 2378; baseline 0.005 -29"><span class='ocrx_word' id='word_1_363' title='bbox 183 2300 283 2350; x_wconf 82' lang='lat' dir='ltr'>Nomen</span> <span class='ocrx_word' id='word_1_364' title='bbox 297 2303 376 2351; x_wconf 88' lang='lat' dir='ltr'>lrebet</span> <span class='ocrx_word' id='word_1_365' title='bbox 389 2304 647 2365; x_wconf 63' lang='lat' dir='ltr'>dominermigrnqrm</span> <span class='ocrx_word' id='word_1_366' title='bbox 659 2303 706 2349; x_wconf 90' lang='lat' dir='ltr'>sub</span> <span class='ocrx_word' id='word_1_367' title='bbox 719 2301 939 2348; x_wconf 63' lang='lat' dir='ltr'>incensoribus</span> <span class='ocrx_word' id='word_1_368' title='bbox 967 2301 1021 2348; x_wconf 66' lang='lat' dir='ltr'>boc</span> <span class='ocrx_word' id='word_1_369' title='bbox 1038 2315 1139 2348; x_wconf 80' lang='lat' dir='ltr'>raecum</span> <span class='ocrx_word' id='word_1_370' title='bbox 1156 2315 1258 2359; x_wconf 84' lang='lat' dir='ltr'>ueccee,</span> <span class='ocrx_word' id='word_1_371' title='bbox 1280 2317 1328 2351; x_wconf 89' lang='lat' dir='ltr'>nec</span> <span class='ocrx_word' id='word_1_372' title='bbox 1341 2317 1418 2366; x_wconf 88' lang='lat' dir='ltr'>eques</span> <span class='ocrx_word' id='word_1_373' title='bbox 1437 2318 1511 2353; x_wconf 89' lang='lat' dir='ltr'>emor</span> <span class='ocrx_word' id='word_1_374' title='bbox 1525 2308 1585 2358; x_wconf 89' lang='lat' dir='ltr'>urlt</span> <span class='ocrx_word' id='word_1_375' title='bbox 1605 2326 1742 2378; x_wconf 58' lang='grc' dir='ltr'>«με...</span> 
     </span>
     <span class='ocr_line' id='line_1_31' title="bbox 184 2369 1646 2433; baseline 0.005 -15"><span class='ocrx_word' id='word_1_376' title='bbox 184 2370 264 2419; x_wconf 76' lang='lat' dir='ltr'>Fame</span> <span class='ocrx_word' id='word_1_377' title='bbox 283 2372 342 2420; x_wconf 84' lang='lat' dir='ltr'>noui</span> <span class='ocrx_word' id='word_1_378' title='bbox 360 2381 463 2420; x_wconf 89' lang='lat' dir='ltr'>centum</span> <span class='ocrx_word' id='word_1_379' title='bbox 482 2372 606 2420; x_wconf 73' lang='lat' dir='ltr'>Cretaeus</span> <span class='ocrx_word' id='word_1_380' title='bbox 624 2369 729 2419; x_wconf 79' lang='lat' dir='ltr'>torritun</span> <span class='ocrx_word' id='word_1_381' title='bbox 750 2370 826 2417; x_wconf 83' lang='lat' dir='ltr'>urbes</span> <span class='ocrx_word' id='word_1_382' title='bbox 967 2369 1024 2417; x_wconf 84' lang='lat' dir='ltr'>Urit</span> <span class='ocrx_word' id='word_1_383' title='bbox 1036 2384 1096 2418; x_wconf 83' lang='lat' dir='ltr'>ores</span> <span class='ocrx_word' id='word_1_384' title='bbox 1112 2369 1195 2429; x_wconf 84' lang='lat' dir='ltr'>eries;</span> <span class='ocrx_word' id='word_1_385' title='bbox 1216 2373 1329 2433; x_wconf 83' lang='lat' dir='ltr'>sequitur</span> <span class='ocrx_word' id='word_1_386' title='bbox 1343 2385 1388 2419; x_wconf 84' lang='lat' dir='ltr'>sue</span> <span class='ocrx_word' id='word_1_387' title='bbox 1403 2371 1498 2421; x_wconf 81' lang='lat' dir='ltr'>terniue</span> <span class='ocrx_word' id='word_1_388' title='bbox 1509 2390 1646 2432; x_wconf 70' lang='lat' dir='ltr'>ceren..</span> 
     </span>
     <span class='ocr_line' id='line_1_32' title="bbox 183 2438 1681 2504; baseline 0.003 -16"><span class='ocrx_word' id='word_1_389' title='bbox 183 2439 321 2501; x_wconf 82' lang='lat' dir='ltr'>lmplessct</span> <span class='ocrx_word' id='word_1_390' title='bbox 339 2443 460 2499; x_wconf 88' lang='lat' dir='ltr'>monstri;</span> <span class='ocrx_word' id='word_1_391' title='bbox 480 2442 568 2488; x_wconf 86' lang='lat' dir='ltr'>sinon</span> <span class='ocrx_word' id='word_1_392' title='bbox 588 2440 708 2487; x_wconf 73' lang='lat' dir='ltr'>innuente</span> <span class='ocrx_word' id='word_1_393' title='bbox 728 2451 810 2500; x_wconf 82' lang='lat' dir='ltr'>nuper</span> <span class='ocrx_word' id='word_1_394' title='bbox 966 2438 1007 2485; x_wconf 88' lang='lat' dir='ltr'>Sic</span> <span class='ocrx_word' id='word_1_395' title='bbox 1022 2445 1049 2485; x_wconf 88' lang='lat' dir='ltr'>et</span> <span class='ocrx_word' id='word_1_396' title='bbox 1076 2453 1137 2486; x_wconf 81' lang='lat' dir='ltr'>eves</span> <span class='ocrx_word' id='word_1_397' title='bbox 1155 2447 1265 2487; x_wconf 86' lang='lat' dir='ltr'>coeunt:</span> <span class='ocrx_word' id='word_1_398' title='bbox 1286 2442 1404 2504; x_wconf 86' lang='lat' dir='ltr'>interque</span> <span class='ocrx_word' id='word_1_399' title='bbox 1420 2443 1547 2493; x_wconf 81' lang='lat' dir='ltr'>enimelie</span> <span class='ocrx_word' id='word_1_400' title='bbox 1570 2459 1681 2502; x_wconf 64' lang='lat' dir='ltr'>ennon</span> 
     </span>
     <span class='ocr_line' id='line_1_33' title="bbox 182 2506 1659 2573; baseline 0.005 -16"><span class='ocrx_word' id='word_1_401' title='bbox 182 2508 276 2570; x_wconf 85' lang='lat' dir='ltr'>lpbide</span> <span class='ocrx_word' id='word_1_402' title='bbox 295 2518 394 2558; x_wconf 87' lang='lat' dir='ltr'>mutete</span> <span class='ocrx_word' id='word_1_403' title='bbox 412 2510 490 2557; x_wconf 89' lang='lat' dir='ltr'>Crete</span> <span class='ocrx_word' id='word_1_404' title='bbox 509 2510 628 2571; x_wconf 89' lang='lat' dir='ltr'>propiore</span> <span class='ocrx_word' id='word_1_405' title='bbox 646 2509 755 2556; x_wconf 83' lang='lat' dir='ltr'>tulisset.</span> <span class='ocrx_word' id='word_1_406' title='bbox 967 2508 1073 2555; x_wconf 78' lang='lat' dir='ltr'>Femina</span> <span class='ocrx_word' id='word_1_407' title='bbox 1091 2506 1203 2556; x_wconf 76' lang='lat' dir='ltr'>femineo</span> <span class='ocrx_word' id='word_1_408' title='bbox 1219 2519 1339 2572; x_wconf 82' lang='lat' dir='ltr'>correpte</span> <span class='ocrx_word' id='word_1_409' title='bbox 1355 2511 1476 2573; x_wconf 78' lang='lat' dir='ltr'>cupidius</span> <span class='ocrx_word' id='word_1_410' title='bbox 1499 2516 1580 2566; x_wconf 86' lang='lat' dir='ltr'>nulle</span> <span class='ocrx_word' id='word_1_411' title='bbox 1600 2529 1659 2571; x_wconf 68' lang='lat' dir='ltr'>ene.</span> 
     </span>
     <span class='ocr_line' id='line_1_34' title="bbox 183 2573 1743 2643; baseline 0.007 -19"><span class='ocrx_word' id='word_1_412' title='bbox 183 2578 304 2625; x_wconf 83' lang='lat' dir='ltr'>Proeimu</span> <span class='ocrx_word' id='word_1_413' title='bbox 320 2578 446 2626; x_wconf 84' lang='lat' dir='ltr'>Gnosieco</span> <span class='ocrx_word' id='word_1_414' title='bbox 464 2593 521 2625; x_wconf 84' lang='lat' dir='ltr'>nem</span> <span class='ocrx_word' id='word_1_415' title='bbox 544 2577 672 2641; x_wconf 78' lang='lat' dir='ltr'>quondum</span> <span class='ocrx_word' id='word_1_416' title='bbox 691 2573 813 2625; x_wconf 88' lang='lat' dir='ltr'>Plreestie</span> <span class='ocrx_word' id='word_1_417' title='bbox 827 2589 906 2637; x_wconf 73' lang='lat' dir='ltr'>regno</span> <span class='ocrx_word' id='word_1_418' title='bbox 967 2576 1067 2624; x_wconf 83' lang='lat' dir='ltr'>Vellem</span> <span class='ocrx_word' id='word_1_419' title='bbox 1081 2578 1151 2625; x_wconf 83' lang='lat' dir='ltr'>nulle</span> <span class='ocrx_word' id='word_1_420' title='bbox 1167 2577 1256 2627; x_wconf 81' lang='lat' dir='ltr'>iorem.</span> <span class='ocrx_word' id='word_1_421' title='bbox 1277 2579 1316 2628; x_wconf 72' lang='lat' dir='ltr'>be</span> <span class='ocrx_word' id='word_1_422' title='bbox 1334 2595 1383 2627; x_wconf 91' lang='lat' dir='ltr'>nou</span> <span class='ocrx_word' id='word_1_423' title='bbox 1393 2589 1478 2630; x_wconf 84' lang='lat' dir='ltr'>tenren</span> <span class='ocrx_word' id='word_1_424' title='bbox 1489 2587 1586 2635; x_wconf 83' lang='lat' dir='ltr'>nurnie</span> <span class='ocrx_word' id='word_1_425' title='bbox 1598 2589 1689 2643; x_wconf 68' lang='lat' dir='ltr'>crete</span> <span class='ocrx_word' id='word_1_426' title='bbox 1698 2596 1743 2643; x_wconf 75' lang='lat' dir='ltr'>m</span> 
     </span>
     <span class='ocr_line' id='line_1_35' title="bbox 183 2644 1592 2707; baseline 0.005 -13"><span class='ocrx_word' id='word_1_427' title='bbox 183 2647 325 2707; x_wconf 70' lang='lat' dir='ltr'>Progenuit</span> <span class='ocrx_word' id='word_1_428' title='bbox 343 2649 429 2696; x_wconf 85' lang='lat' dir='ltr'>tellus.</span> <span class='ocrx_word' id='word_1_429' title='bbox 450 2648 564 2707; x_wconf 64' lang='lat' dir='ltr'>ignotum</span> <span class='ocrx_word' id='word_1_430' title='bbox 582 2646 684 2695; x_wconf 87' lang='lat' dir='ltr'>nornine</span> <span class='ocrx_word' id='word_1_431' title='bbox 702 2644 821 2705; x_wconf 66' lang='lat' dir='ltr'>Ligdum,</span> <span class='ocrx_word' id='word_1_432' title='bbox 890 2648 940 2692; x_wconf 80' lang='grc'>070</span> <span class='ocrx_word' id='word_1_433' title='bbox 967 2645 1083 2694; x_wconf 82' lang='lat' dir='ltr'>Monrtre</span> <span class='ocrx_word' id='word_1_434' title='bbox 1100 2645 1176 2705; x_wconf 85' lang='lat' dir='ltr'>l&#39;eret,</span> <span class='ocrx_word' id='word_1_435' title='bbox 1195 2655 1296 2697; x_wconf 82' lang='lat' dir='ltr'>taurum</span> <span class='ocrx_word' id='word_1_436' title='bbox 1314 2649 1404 2697; x_wconf 85' lang='lat' dir='ltr'>dilexit</span> <span class='ocrx_word' id='word_1_437' title='bbox 1423 2648 1475 2699; x_wconf 85' lang='lat' dir='ltr'>tilis</span> <span class='ocrx_word' id='word_1_438' title='bbox 1494 2653 1592 2706; x_wconf 77' lang='lat' dir='ltr'>Solis:</span> 
     </span>
     <span class='ocr_line' id='line_1_36' title="bbox 182 2714 1713 2791; baseline 0.012 -28"><span class='ocrx_word' id='word_1_439' title='bbox 182 2714 300 2774; x_wconf 75' lang='lat' dir='ltr'>ingenua</span> <span class='ocrx_word' id='word_1_440' title='bbox 319 2714 351 2763; x_wconf 92' lang='lat' dir='ltr'>de</span> <span class='ocrx_word' id='word_1_441' title='bbox 370 2716 446 2777; x_wconf 85' lang='lat' dir='ltr'>plebe</span> <span class='ocrx_word' id='word_1_442' title='bbox 466 2716 554 2764; x_wconf 86' lang='lat' dir='ltr'>virum.</span> <span class='ocrx_word' id='word_1_443' title='bbox 591 2715 647 2764; x_wconf 74' lang='lat' dir='ltr'>Nee</span> <span class='ocrx_word' id='word_1_444' title='bbox 664 2728 756 2762; x_wconf 82' lang='lat' dir='ltr'>census</span> <span class='ocrx_word' id='word_1_445' title='bbox 774 2714 799 2761; x_wconf 91' lang='lat' dir='ltr'>in</span> <span class='ocrx_word' id='word_1_446' title='bbox 819 2714 861 2761; x_wconf 96' lang='lat' dir='ltr'>illo</span> <span class='ocrx_word' id='word_1_447' title='bbox 966 2715 1071 2764; x_wconf 81' lang='lat' dir='ltr'>Pemirre</span> <span class='ocrx_word' id='word_1_448' title='bbox 1089 2731 1181 2778; x_wconf 84' lang='lat' dir='ltr'>nempe</span> <span class='ocrx_word' id='word_1_449' title='bbox 1199 2731 1304 2768; x_wconf 82' lang='lat' dir='ltr'>murem.</span> <span class='ocrx_word' id='word_1_450' title='bbox 1340 2720 1415 2767; x_wconf 84' lang='lat' dir='ltr'>Meus</span> <span class='ocrx_word' id='word_1_451' title='bbox 1435 2726 1474 2769; x_wconf 86' lang='lat' dir='ltr'>est</span> <span class='ocrx_word' id='word_1_452' title='bbox 1492 2719 1629 2778; x_wconf 79' lang='lat' dir='ltr'>furiosior</span> <span class='ocrx_word' id='word_1_453' title='bbox 1649 2730 1713 2791; x_wconf 75' lang='lat' dir='ltr'>tlte,</span> 
     </span>
     <span class='ocr_line' id='line_1_37' title="bbox 183 2780 1743 2851; baseline 0.01 -19"><span class='ocrx_word' id='word_1_454' title='bbox 183 2784 324 2832; x_wconf 72' lang='lat' dir='ltr'>b&#39;obilitete</span> <span class='ocrx_word' id='word_1_455' title='bbox 342 2799 388 2833; x_wconf 86' lang='lat' dir='ltr'>sue</span> <span class='ocrx_word' id='word_1_456' title='bbox 407 2786 502 2832; x_wconf 74' lang='lat' dir='ltr'>maior:</span> <span class='ocrx_word' id='word_1_457' title='bbox 522 2784 568 2833; x_wconf 86' lang='lat' dir='ltr'>sed</span> <span class='ocrx_word' id='word_1_458' title='bbox 587 2786 641 2832; x_wconf 83' lang='lat' dir='ltr'>rite</span> <span class='ocrx_word' id='word_1_459' title='bbox 659 2782 777 2845; x_wconf 80' lang='lat' dir='ltr'>fidosque</span> <span class='ocrx_word' id='word_1_460' title='bbox 965 2785 992 2831; x_wconf 90' lang='lat' dir='ltr'>Si</span> <span class='ocrx_word' id='word_1_461' title='bbox 1011 2799 1098 2833; x_wconf 87' lang='lat' dir='ltr'>uerum</span> <span class='ocrx_word' id='word_1_462' title='bbox 1115 2785 1274 2847; x_wconf 79' lang='lat' dir='ltr'>profitemur,</span> <span class='ocrx_word' id='word_1_463' title='bbox 1292 2802 1371 2837; x_wconf 87' lang='lat' dir='ltr'>emor.</span> <span class='ocrx_word' id='word_1_464' title='bbox 1401 2780 1562 2841; x_wconf 84' lang='lat' dir='ltr'>Teiuenlllre</span> <span class='ocrx_word' id='word_1_465' title='bbox 1587 2808 1691 2851; x_wconf 82' lang='lat' dir='ltr'>seente</span> <span class='ocrx_word' id='word_1_466' title='bbox 1707 2806 1743 2851; x_wconf 66' lang='lat' dir='ltr'>ed</span> 
     </span>
     <span class='ocr_line' id='line_1_38' title="bbox 183 2852 1742 2928; baseline 0.005 -27"><span class='ocrx_word' id='word_1_467' title='bbox 183 2852 321 2915; x_wconf 83' lang='lat' dir='ltr'>Irreuipete</span> <span class='ocrx_word' id='word_1_468' title='bbox 339 2852 395 2902; x_wconf 81' lang='lat' dir='ltr'>luit.</span> <span class='ocrx_word' id='word_1_469' title='bbox 432 2854 562 2902; x_wconf 75' lang='lat' dir='ltr'>Gravidae</span> <span class='ocrx_word' id='word_1_470' title='bbox 581 2854 622 2917; x_wconf 91' lang='lat' dir='ltr'>qui</span> <span class='ocrx_word' id='word_1_471' title='bbox 640 2853 753 2913; x_wconf 73' lang='lat' dir='ltr'>coniugis</span> <span class='ocrx_word' id='word_1_472' title='bbox 771 2866 848 2900; x_wconf 87' lang='lat' dir='ltr'>eures</span> <span class='ocrx_word' id='word_1_473' title='bbox 965 2854 1043 2915; x_wconf 87' lang='lat' dir='ltr'>Spem</span> <span class='ocrx_word' id='word_1_474' title='bbox 1058 2854 1185 2903; x_wconf 84' lang='lat' dir='ltr'>Veneris:</span> <span class='ocrx_word' id='word_1_475' title='bbox 1206 2864 1290 2905; x_wconf 80' lang='lat' dir='ltr'>tenreu</span> <span class='ocrx_word' id='word_1_476' title='bbox 1310 2858 1352 2905; x_wconf 93' lang='lat' dir='ltr'>iile</span> <span class='ocrx_word' id='word_1_477' title='bbox 1376 2857 1439 2906; x_wconf 88' lang='lat' dir='ltr'>dolis</span> <span class='ocrx_word' id='word_1_478' title='bbox 1455 2870 1481 2907; x_wconf 88' lang='lat' dir='ltr'>et</span> <span class='ocrx_word' id='word_1_479' title='bbox 1502 2861 1632 2928; x_wconf 67' lang='lat' dir='ltr'>imagi-0</span> <span class='ocrx_word' id='word_1_480' title='bbox 1648 2884 1742 2921; x_wconf 63' lang='lat' dir='ltr'>vm</span> 
     </span>
     <span class='ocr_line' id='line_1_39' title="bbox 183 2921 1742 2993; baseline 0.006 -25"><span class='ocrx_word' id='word_1_481' title='bbox 183 2922 295 2970; x_wconf 85' lang='lat' dir='ltr'>Vocibus</span> <span class='ocrx_word' id='word_1_482' title='bbox 306 2923 344 2970; x_wconf 85' lang='lat' dir='ltr'>luis</span> <span class='ocrx_word' id='word_1_483' title='bbox 362 2924 449 2981; x_wconf 86' lang='lat' dir='ltr'>morit,</span> <span class='ocrx_word' id='word_1_484' title='bbox 462 2938 537 2986; x_wconf 91' lang='lat' dir='ltr'>quum</span> <span class='ocrx_word' id='word_1_485' title='bbox 549 2925 598 2971; x_wconf 90' lang='lat' dir='ltr'>iem</span> <span class='ocrx_word' id='word_1_486' title='bbox 615 2937 695 2984; x_wconf 88' lang='lat' dir='ltr'>prope</span> <span class='ocrx_word' id='word_1_487' title='bbox 712 2927 800 2983; x_wconf 83' lang='lat' dir='ltr'>pertue</span> <span class='ocrx_word' id='word_1_488' title='bbox 818 2921 938 2969; x_wconf 85' lang='lat' dir='ltr'>edesset:</span> <span class='ocrx_word' id='word_1_489' title='bbox 966 2923 1046 2971; x_wconf 80' lang='lat' dir='ltr'>Perse</span> <span class='ocrx_word' id='word_1_490' title='bbox 1055 2924 1144 2972; x_wconf 84' lang='lat' dir='ltr'>bouem</span> <span class='ocrx_word' id='word_1_491' title='bbox 1153 2931 1192 2972; x_wconf 83' lang='lat' dir='ltr'>est</span> <span class='ocrx_word' id='word_1_492' title='bbox 1203 2942 1209 2972; x_wconf 74' lang='grc' dir='ltr'><strong><em>ι</em></strong></span> <span class='ocrx_word' id='word_1_493' title='bbox 1221 2928 1742 2993; x_wconf 65' lang='lat' dir='ltr'>eteret,quideciperetur,ednte02,m</span> 
     </span>
     <span class='ocr_line' id='line_1_40' title="bbox 183 2991 1563 3061; baseline 0.004 -19"><span class='ocrx_word' id='word_1_494' title='bbox 183 2991 507 3042; x_wconf 76' lang='lat' dir='ltr'>Queeuoueemduosuut:</span> <span class='ocrx_word' id='word_1_495' title='bbox 519 2993 620 3040; x_wconf 85' lang='lat' dir='ltr'>minimo</span> <span class='ocrx_word' id='word_1_496' title='bbox 628 2999 655 3040; x_wconf 92' lang='lat' dir='ltr'>ut</span> <span class='ocrx_word' id='word_1_497' title='bbox 667 2993 782 3039; x_wconf 86' lang='lat' dir='ltr'>relevere</span> <span class='ocrx_word' id='word_1_498' title='bbox 790 2991 939 3047; x_wconf 53' lang='lat' dir='ltr'>laborum</span> <span class='ocrx_word' id='word_1_499' title='bbox 966 2993 1025 3041; x_wconf 85' lang='lat' dir='ltr'>Huc</span> <span class='ocrx_word' id='word_1_500' title='bbox 1043 2994 1103 3041; x_wconf 82' lang='lat' dir='ltr'>lieet</span> <span class='ocrx_word' id='word_1_501' title='bbox 1121 3010 1135 3042; x_wconf 92' lang='lat' dir='ltr'>e</span> <span class='ocrx_word' id='word_1_502' title='bbox 1155 3001 1207 3041; x_wconf 90' lang='lat' dir='ltr'>toto</span> <span class='ocrx_word' id='word_1_503' title='bbox 1226 2997 1339 3043; x_wconf 75' lang='lat' dir='ltr'>sollertis</span> <span class='ocrx_word' id='word_1_504' title='bbox 1357 2998 1470 3046; x_wconf 85' lang='lat' dir='ltr'>ooulluut</span> <span class='ocrx_word' id='word_1_505' title='bbox 1485 3002 1563 3061; x_wconf 84' lang='lat' dir='ltr'>orbo,</span> 
     </span>
     <span class='ocr_line' id='line_1_41' title="bbox 183 3058 1570 3129; baseline 0.008 -21"><span class='ocrx_word' id='word_1_506' title='bbox 183 3058 270 3125; x_wconf 85' lang='lat' dir='ltr'>thue</span> <span class='ocrx_word' id='word_1_507' title='bbox 286 3076 382 3111; x_wconf 85' lang='lat' dir='ltr'>merem</span> <span class='ocrx_word' id='word_1_508' title='bbox 403 3063 497 3124; x_wconf 82' lang='lat' dir='ltr'>perier.</span> <span class='ocrx_word' id='word_1_509' title='bbox 534 3062 675 3111; x_wconf 70' lang='lat' dir='ltr'>Onerosior</span> <span class='ocrx_word' id='word_1_510' title='bbox 689 3062 772 3108; x_wconf 78' lang='lat' dir='ltr'>ultera</span> <span class='ocrx_word' id='word_1_511' title='bbox 788 3074 842 3107; x_wconf 91' lang='lat' dir='ltr'>sors</span> <span class='ocrx_word' id='word_1_512' title='bbox 856 3067 904 3121; x_wconf 88' lang='lat' dir='ltr'>est,</span> <span class='ocrx_word' id='word_1_513' title='bbox 966 3061 1025 3122; x_wconf 87' lang='lat' dir='ltr'>lpse</span> <span class='ocrx_word' id='word_1_514' title='bbox 1045 3063 1105 3110; x_wconf 87' lang='lat' dir='ltr'>licet</span> <span class='ocrx_word' id='word_1_515' title='bbox 1123 3065 1221 3112; x_wconf 84' lang='lat' dir='ltr'>revolet</span> <span class='ocrx_word' id='word_1_516' title='bbox 1239 3065 1331 3114; x_wconf 82' lang='lat' dir='ltr'>ceretis</span> <span class='ocrx_word' id='word_1_517' title='bbox 1352 3066 1481 3115; x_wconf 84' lang='lat' dir='ltr'>Duedelus</span> <span class='ocrx_word' id='word_1_518' title='bbox 1499 3071 1570 3129; x_wconf 67' lang='lat' dir='ltr'>ulier</span> 
     </span>
     <span class='ocr_line' id='line_1_42' title="bbox 182 3129 1694 3201; baseline 0.007 -22"><span class='ocrx_word' id='word_1_519' title='bbox 182 3129 218 3179; x_wconf 82' lang='lat' dir='ltr'>Et</span> <span class='ocrx_word' id='word_1_520' title='bbox 231 3131 296 3179; x_wconf 81' lang='lat' dir='ltr'>vires</span> <span class='ocrx_word' id='word_1_521' title='bbox 311 3132 426 3181; x_wconf 78' lang='lat' dir='ltr'>Portuno</span> <span class='ocrx_word' id='word_1_522' title='bbox 441 3140 527 3191; x_wconf 69' lang='lat' dir='ltr'>neget.</span> <span class='ocrx_word' id='word_1_523' title='bbox 564 3131 639 3181; x_wconf 75' lang='lat' dir='ltr'>erod</span> <span class='ocrx_word' id='word_1_524' title='bbox 655 3130 796 3190; x_wconf 88' lang='lat' dir='ltr'>ebominor,</span> <span class='ocrx_word' id='word_1_525' title='bbox 811 3143 872 3191; x_wconf 75' lang='lat' dir='ltr'>ergo</span> <span class='ocrx_word' id='word_1_526' title='bbox 965 3130 1033 3179; x_wconf 80' lang='lat' dir='ltr'>lluid</span> <span class='ocrx_word' id='word_1_527' title='bbox 1048 3130 1146 3181; x_wconf 82' lang='lat' dir='ltr'>t&#39;uciett</span> <span class='ocrx_word' id='word_1_528' title='bbox 1164 3148 1223 3181; x_wconf 89' lang='lat' dir='ltr'>num</span> <span class='ocrx_word' id='word_1_529' title='bbox 1240 3149 1279 3180; x_wconf 82' lang='lat' dir='ltr'>une</span> <span class='ocrx_word' id='word_1_530' title='bbox 1297 3150 1404 3196; x_wconf 88' lang='lat' dir='ltr'>puerum</span> <span class='ocrx_word' id='word_1_531' title='bbox 1420 3135 1453 3184; x_wconf 94' lang='lat' dir='ltr'>de</span> <span class='ocrx_word' id='word_1_532' title='bbox 1469 3137 1574 3201; x_wconf 70' lang='lat' dir='ltr'>uirgine</span> <span class='ocrx_word' id='word_1_533' title='bbox 1598 3145 1694 3197; x_wconf 65' lang='lat' dir='ltr'>docti,</span> 
     </span>
     <span class='ocr_line' id='line_1_43' title="bbox 183 3198 1606 3265; baseline 0.007 -17"><span class='ocrx_word' id='word_1_534' title='bbox 183 3198 261 3249; x_wconf 82' lang='lat' dir='ltr'>Edite</span> <span class='ocrx_word' id='word_1_535' title='bbox 279 3198 346 3249; x_wconf 82' lang='lat' dir='ltr'>l‘orte</span> <span class='ocrx_word' id='word_1_536' title='bbox 364 3209 409 3249; x_wconf 93' lang='lat' dir='ltr'>tuo</span> <span class='ocrx_word' id='word_1_537' title='bbox 427 3200 505 3251; x_wconf 78' lang='lat' dir='ltr'>suerit</span> <span class='ocrx_word' id='word_1_538' title='bbox 523 3203 543 3250; x_wconf 86' lang='lat' dir='ltr'>si</span> <span class='ocrx_word' id='word_1_539' title='bbox 561 3198 656 3249; x_wconf 80' lang='lat' dir='ltr'>semina</span> <span class='ocrx_word' id='word_1_540' title='bbox 674 3205 769 3262; x_wconf 87' lang='lat' dir='ltr'>pertu;</span> <span class='ocrx_word' id='word_1_541' title='bbox 965 3200 1071 3250; x_wconf 78' lang='lat' dir='ltr'>Artibus</span> <span class='ocrx_word' id='word_1_542' title='bbox 1089 3200 1200 3250; x_wconf 82' lang='lat' dir='ltr'>efficiett</span> <span class='ocrx_word' id='word_1_543' title='bbox 1218 3218 1278 3250; x_wconf 82' lang='lat' dir='ltr'>nunu</span> <span class='ocrx_word' id='word_1_544' title='bbox 1297 3212 1323 3251; x_wconf 91' lang='lat' dir='ltr'>te</span> <span class='ocrx_word' id='word_1_545' title='bbox 1341 3207 1458 3265; x_wconf 76' lang='lat' dir='ltr'>mutabit,</span> <span class='ocrx_word' id='word_1_546' title='bbox 1478 3206 1606 3262; x_wconf 76' lang='lat' dir='ltr'>luntbet</span> 
     </span>
     <span class='ocr_line' id='line_1_44' title="bbox 182 3262 1742 3351; baseline 0.004 -34"><span class='ocrx_word' id='word_1_547' title='bbox 182 3262 283 3319; x_wconf 81' lang='lat' dir='ltr'>inritus</span> <span class='ocrx_word' id='word_1_548' title='bbox 301 3271 409 3331; x_wconf 81' lang='lat' dir='ltr'>meudo;</span> <span class='ocrx_word' id='word_1_549' title='bbox 430 3272 528 3331; x_wconf 88' lang='lat' dir='ltr'>Pietes,</span> <span class='ocrx_word' id='word_1_550' title='bbox 547 3267 662 3332; x_wconf 67' lang='lat' dir='ltr'>ignosce!</span> <span class='ocrx_word' id='word_1_551' title='bbox 681 3276 797 3317; x_wconf 84' lang='lat' dir='ltr'>necetur.</span> <span class='ocrx_word' id='word_1_552' title='bbox 965 3270 1032 3320; x_wconf 79' lang='lat' dir='ltr'>Quin</span> <span class='ocrx_word' id='word_1_553' title='bbox 1048 3272 1158 3319; x_wconf 76' lang='lat' dir='ltr'>animum</span> <span class='ocrx_word' id='word_1_554' title='bbox 1175 3271 1270 3330; x_wconf 86' lang='lat' dir='ltr'>lirmus,</span> <span class='ocrx_word' id='word_1_555' title='bbox 1283 3280 1360 3337; x_wconf 87' lang='lat' dir='ltr'>teque</span> <span class='ocrx_word' id='word_1_556' title='bbox 1373 3274 1428 3337; x_wconf 83' lang='lat' dir='ltr'>ipse</span> <span class='ocrx_word' id='word_1_557' title='bbox 1440 3279 1583 3341; x_wconf 66' lang='lat' dir='ltr'>recolligis,</span> <span class='ocrx_word' id='word_1_558' title='bbox 1599 3282 1679 3351; x_wconf 59' lang='lat'>1951,</span> <span class='ocrx_word' id='word_1_559' title='bbox 1693 3290 1742 3339; x_wconf 73' lang='lat' dir='ltr'>m</span> 
     </span>
     <span class='ocr_line' id='line_1_45' title="bbox 182 3335 1622 3407; baseline 0.006 -19"><span class='ocrx_word' id='word_1_560' title='bbox 182 3339 309 3399; x_wconf 63' lang='lat' dir='ltr'>niueum</span> <span class='ocrx_word' id='word_1_561' title='bbox 329 3348 356 3390; x_wconf 92' lang='lat' dir='ltr'>et</span> <span class='ocrx_word' id='word_1_562' title='bbox 377 3341 487 3390; x_wconf 82' lang='lat' dir='ltr'>incrimis</span> <span class='ocrx_word' id='word_1_563' title='bbox 507 3343 605 3389; x_wconf 85' lang='lat' dir='ltr'>uultum</span> <span class='ocrx_word' id='word_1_564' title='bbox 627 3342 714 3389; x_wconf 86' lang='lat' dir='ltr'>iuuere</span> <span class='ocrx_word' id='word_1_565' title='bbox 729 3335 848 3401; x_wconf 80' lang='lat' dir='ltr'>profusis,</span> <span class='ocrx_word' id='word_1_566' title='bbox 888 3340 939 3385; x_wconf 82' lang='lat' dir='ltr'>oso</span> <span class='ocrx_word' id='word_1_567' title='bbox 964 3338 1118 3403; x_wconf 79' lang='lat' dir='ltr'>consiliique</span> <span class='ocrx_word' id='word_1_568' title='bbox 1136 3341 1225 3403; x_wconf 85' lang='lat' dir='ltr'>inopes</span> <span class='ocrx_word' id='word_1_569' title='bbox 1244 3350 1270 3391; x_wconf 90' lang='lat' dir='ltr'>et</span> <span class='ocrx_word' id='word_1_570' title='bbox 1288 3346 1378 3393; x_wconf 85' lang='lat' dir='ltr'>stultos</span> <span class='ocrx_word' id='word_1_571' title='bbox 1398 3344 1496 3393; x_wconf 81' lang='lat' dir='ltr'>excutis</span> <span class='ocrx_word' id='word_1_572' title='bbox 1514 3347 1622 3407; x_wconf 72' lang='lat' dir='ltr'>iqneer</span> 
     </span>
     <span class='ocr_line' id='line_1_46' title="bbox 180 3406 1741 3488; baseline 0.008 -31"><span class='ocrx_word' id='word_1_573' title='bbox 180 3409 243 3457; x_wconf 83' lang='lat' dir='ltr'>Tem</span> <span class='ocrx_word' id='word_1_574' title='bbox 258 3411 301 3472; x_wconf 89' lang='lat' dir='ltr'>qui</span> <span class='ocrx_word' id='word_1_575' title='bbox 318 3410 467 3469; x_wconf 71' lang='lat' dir='ltr'>mundabat,</span> <span class='ocrx_word' id='word_1_576' title='bbox 480 3425 555 3473; x_wconf 83' lang='lat' dir='ltr'>quam</span> <span class='ocrx_word' id='word_1_577' title='bbox 568 3411 609 3460; x_wconf 86' lang='lat' dir='ltr'>eui</span> <span class='ocrx_word' id='word_1_578' title='bbox 627 3408 749 3457; x_wconf 84' lang='lat' dir='ltr'>mundule</span> <span class='ocrx_word' id='word_1_579' title='bbox 766 3406 903 3455; x_wconf 82' lang='lat' dir='ltr'>debentur.</span> <span class='ocrx_word' id='word_1_580' title='bbox 964 3409 1032 3458; x_wconf 79' lang='lat' dir='ltr'>Quid</span> <span class='ocrx_word' id='word_1_581' title='bbox 1051 3411 1084 3458; x_wconf 85' lang='lat' dir='ltr'>sis</span> <span class='ocrx_word' id='word_1_582' title='bbox 1098 3416 1168 3469; x_wconf 83' lang='lat' dir='ltr'>natu,</span> <span class='ocrx_word' id='word_1_583' title='bbox 1184 3412 1270 3460; x_wconf 88' lang='lat' dir='ltr'>uides:</span> <span class='ocrx_word' id='word_1_584' title='bbox 1290 3412 1338 3460; x_wconf 89' lang='lat' dir='ltr'>nisi</span> <span class='ocrx_word' id='word_1_585' title='bbox 1351 3420 1377 3462; x_wconf 87' lang='lat' dir='ltr'>te</span> <span class='ocrx_word' id='word_1_586' title='bbox 1395 3429 1494 3478; x_wconf 89' lang='lat' dir='ltr'>quoque</span> <span class='ocrx_word' id='word_1_587' title='bbox 1509 3416 1622 3482; x_wconf 82' lang='lat' dir='ltr'>decipis</span> <span class='ocrx_word' id='word_1_588' title='bbox 1640 3422 1741 3488; x_wconf 65' lang='lat' dir='ltr'>lpul</span> 
     </span>
     <span class='ocr_line' id='line_1_47' title="bbox 180 3477 1725 3547; baseline 0.008 -23"><span class='ocrx_word' id='word_1_589' title='bbox 180 3477 233 3525; x_wconf 79' lang='lat' dir='ltr'>Sed</span> <span class='ocrx_word' id='word_1_590' title='bbox 250 3484 336 3526; x_wconf 70' lang='lat' dir='ltr'>umen</span> <span class='ocrx_word' id='word_1_591' title='bbox 356 3494 434 3542; x_wconf 89' lang='lat' dir='ltr'>nsque</span> <span class='ocrx_word' id='word_1_592' title='bbox 454 3495 526 3528; x_wconf 92' lang='lat' dir='ltr'>suum</span> <span class='ocrx_word' id='word_1_593' title='bbox 546 3482 618 3528; x_wconf 80' lang='lat' dir='ltr'>venis</span> <span class='ocrx_word' id='word_1_594' title='bbox 633 3479 775 3527; x_wconf 69' lang='lat' dir='ltr'>Telethusa</span> <span class='ocrx_word' id='word_1_595' title='bbox 786 3477 905 3524; x_wconf 82' lang='lat' dir='ltr'>meritum</span> <span class='ocrx_word' id='word_1_596' title='bbox 964 3477 997 3525; x_wconf 81' lang='lat' dir='ltr'>El</span> <span class='ocrx_word' id='word_1_597' title='bbox 1015 3486 1076 3540; x_wconf 90' lang='lat' dir='ltr'>pete</span> <span class='ocrx_word' id='word_1_598' title='bbox 1096 3479 1163 3542; x_wconf 85' lang='lat' dir='ltr'>quod</span> <span class='ocrx_word' id='word_1_599' title='bbox 1181 3478 1219 3529; x_wconf 80' lang='lat' dir='ltr'>les</span> <span class='ocrx_word' id='word_1_600' title='bbox 1237 3488 1284 3539; x_wconf 83' lang='lat' dir='ltr'>est,</span> <span class='ocrx_word' id='word_1_601' title='bbox 1300 3488 1327 3530; x_wconf 93' lang='lat' dir='ltr'>et</span> <span class='ocrx_word' id='word_1_602' title='bbox 1341 3497 1407 3542; x_wconf 83' lang='lat' dir='ltr'>eme,</span> <span class='ocrx_word' id='word_1_603' title='bbox 1424 3484 1490 3547; x_wconf 87' lang='lat' dir='ltr'>quod</span> <span class='ocrx_word' id='word_1_604' title='bbox 1506 3483 1612 3539; x_wconf 78' lang='lat' dir='ltr'>senine</span> <span class='ocrx_word' id='word_1_605' title='bbox 1625 3493 1725 3547; x_wconf 56' lang='lat' dir='ltr'>deba,</span> 
     </span>
     <span class='ocr_line' id='line_1_48' title="bbox 181 3546 1740 3617; baseline 0.01 -24"><span class='ocrx_word' id='word_1_606' title='bbox 181 3546 306 3594; x_wconf 71' lang='lat' dir='ltr'>Sollicitet</span> <span class='ocrx_word' id='word_1_607' title='bbox 319 3549 447 3609; x_wconf 81' lang='lat' dir='ltr'>precibus,</span> <span class='ocrx_word' id='word_1_608' title='bbox 467 3564 500 3596; x_wconf 92' lang='lat' dir='ltr'>ne</span> <span class='ocrx_word' id='word_1_609' title='bbox 513 3563 584 3610; x_wconf 83' lang='lat' dir='ltr'>rpem</span> <span class='ocrx_word' id='word_1_610' title='bbox 607 3549 654 3597; x_wconf 86' lang='lat' dir='ltr'>sibi</span> <span class='ocrx_word' id='word_1_611' title='bbox 672 3554 751 3609; x_wconf 87' lang='lat' dir='ltr'>ponet</span> <span class='ocrx_word' id='word_1_612' title='bbox 764 3547 789 3594; x_wconf 90' lang='lat' dir='ltr'>iu</span> <span class='ocrx_word' id='word_1_613' title='bbox 804 3552 870 3593; x_wconf 79' lang='lat' dir='ltr'>orto.</span> <span class='ocrx_word' id='word_1_614' title='bbox 963 3548 1029 3608; x_wconf 79' lang='lat' dir='ltr'>Spes</span> <span class='ocrx_word' id='word_1_615' title='bbox 1038 3555 1087 3605; x_wconf 85' lang='lat' dir='ltr'>est,</span> <span class='ocrx_word' id='word_1_616' title='bbox 1096 3564 1162 3611; x_wconf 87' lang='lat' dir='ltr'>quee</span> <span class='ocrx_word' id='word_1_617' title='bbox 1171 3550 1271 3611; x_wconf 76' lang='lat' dir='ltr'>capiet:</span> <span class='ocrx_word' id='word_1_618' title='bbox 1289 3565 1350 3612; x_wconf 88' lang='lat' dir='ltr'>spes</span> <span class='ocrx_word' id='word_1_619' title='bbox 1361 3562 1409 3609; x_wconf 85' lang='lat' dir='ltr'>est,</span> <span class='ocrx_word' id='word_1_620' title='bbox 1419 3567 1483 3616; x_wconf 89' lang='lat' dir='ltr'>quse</span> <span class='ocrx_word' id='word_1_621' title='bbox 1493 3566 1590 3616; x_wconf 85' lang='lat' dir='ltr'>puscet</span> <span class='ocrx_word' id='word_1_622' title='bbox 1604 3576 1740 3617; x_wconf 65' lang='lat' dir='ltr'>enm</span> 
     </span>
     <span class='ocr_line' id='line_1_49' title="bbox 181 3612 1742 3687; baseline 0.01 -25"><span class='ocrx_word' id='word_1_623' title='bbox 181 3613 260 3663; x_wconf 82' lang='lat' dir='ltr'>Certe</span> <span class='ocrx_word' id='word_1_624' title='bbox 279 3629 325 3663; x_wconf 81' lang='lat' dir='ltr'>sue</span> <span class='ocrx_word' id='word_1_625' title='bbox 349 3623 388 3664; x_wconf 89' lang='lat' dir='ltr'>est</span> <span class='ocrx_word' id='word_1_626' title='bbox 404 3616 484 3678; x_wconf 68' lang='lat' dir='ltr'>Ligdo</span> <span class='ocrx_word' id='word_1_627' title='bbox 502 3618 641 3666; x_wconf 72' lang='lat' dir='ltr'>sententie.</span> <span class='ocrx_word' id='word_1_628' title='bbox 677 3612 905 3679; x_wconf 81' lang='lat' dir='ltr'>lemquet‘ereodo</span> <span class='ocrx_word' id='word_1_629' title='bbox 963 3616 1040 3666; x_wconf 81' lang='lat' dir='ltr'>Hunc</span> <span class='ocrx_word' id='word_1_630' title='bbox 1059 3618 1103 3665; x_wconf 89' lang='lat' dir='ltr'>tibi</span> <span class='ocrx_word' id='word_1_631' title='bbox 1122 3633 1162 3667; x_wconf 88' lang='lat' dir='ltr'>res</span> <span class='ocrx_word' id='word_1_632' title='bbox 1180 3618 1283 3668; x_wconf 90' lang='lat' dir='ltr'>edimit:</span> <span class='ocrx_word' id='word_1_633' title='bbox 1304 3635 1353 3668; x_wconf 90' lang='lat' dir='ltr'>non</span> <span class='ocrx_word' id='word_1_634' title='bbox 1373 3629 1399 3671; x_wconf 89' lang='lat' dir='ltr'>te</span> <span class='ocrx_word' id='word_1_635' title='bbox 1417 3623 1533 3672; x_wconf 73' lang='lat' dir='ltr'>custodie</span> <span class='ocrx_word' id='word_1_636' title='bbox 1553 3640 1624 3679; x_wconf 85' lang='lat' dir='ltr'>cero</span> <span class='ocrx_word' id='word_1_637' title='bbox 1689 3634 1742 3687; x_wconf 70' lang='lat' dir='ltr'>tu</span> 
     </span>
     <span class='ocr_line' id='line_1_50' title="bbox 181 3683 1605 3758; baseline 0.009 -28"><span class='ocrx_word' id='word_1_638' title='bbox 181 3683 233 3731; x_wconf 82' lang='lat' dir='ltr'>Vix</span> <span class='ocrx_word' id='word_1_639' title='bbox 248 3691 305 3734; x_wconf 81' lang='lat' dir='ltr'>eret</span> <span class='ocrx_word' id='word_1_640' title='bbox 317 3685 360 3733; x_wconf 88' lang='lat' dir='ltr'>ille</span> <span class='ocrx_word' id='word_1_641' title='bbox 375 3699 480 3747; x_wconf 61' lang='lat' dir='ltr'>prerem</span> <span class='ocrx_word' id='word_1_642' title='bbox 496 3693 595 3734; x_wconf 90' lang='lat' dir='ltr'>meturo</span> <span class='ocrx_word' id='word_1_643' title='bbox 609 3684 725 3748; x_wconf 84' lang='lat' dir='ltr'>pondere</span> <span class='ocrx_word' id='word_1_644' title='bbox 737 3689 871 3741; x_wconf 68' lang='lat' dir='ltr'>ventrenu</span> <span class='ocrx_word' id='word_1_645' title='bbox 887 3688 936 3732; x_wconf 76' lang='grc'>080</span> <span class='ocrx_word' id='word_1_646' title='bbox 965 3685 1045 3735; x_wconf 79' lang='lat' dir='ltr'>Arcet</span> <span class='ocrx_word' id='word_1_647' title='bbox 1063 3687 1095 3735; x_wconf 86' lang='lat' dir='ltr'>eb</span> <span class='ocrx_word' id='word_1_648' title='bbox 1113 3689 1244 3751; x_wconf 82' lang='lat' dir='ltr'>empleeu,</span> <span class='ocrx_word' id='word_1_649' title='bbox 1263 3703 1311 3737; x_wconf 90' lang='lat' dir='ltr'>nec</span> <span class='ocrx_word' id='word_1_650' title='bbox 1328 3692 1397 3740; x_wconf 80' lang='lat' dir='ltr'>cnuti</span> <span class='ocrx_word' id='word_1_651' title='bbox 1415 3706 1476 3740; x_wconf 87' lang='lat' dir='ltr'>cure</span> <span class='ocrx_word' id='word_1_652' title='bbox 1494 3696 1605 3758; x_wconf 83' lang='lat' dir='ltr'>meriti;</span> 
     </span>
     <span class='ocr_line' id='line_1_51' title="bbox 182 3752 1706 3831; baseline 0.006 -28"><span class='ocrx_word' id='word_1_653' title='bbox 182 3752 267 3803; x_wconf 76' lang='lat' dir='ltr'>Quum</span> <span class='ocrx_word' id='word_1_654' title='bbox 280 3753 365 3802; x_wconf 85' lang='lat' dir='ltr'>medio</span> <span class='ocrx_word' id='word_1_655' title='bbox 383 3756 463 3804; x_wconf 88' lang='lat' dir='ltr'>noctis</span> <span class='ocrx_word' id='word_1_656' title='bbox 479 3755 571 3818; x_wconf 86' lang='lat' dir='ltr'>spetio,</span> <span class='ocrx_word' id='word_1_657' title='bbox 590 3757 636 3804; x_wconf 89' lang='lat' dir='ltr'>sub</span> <span class='ocrx_word' id='word_1_658' title='bbox 650 3754 760 3816; x_wconf 68' lang='lat' dir='ltr'>imeglne</span> <span class='ocrx_word' id='word_1_659' title='bbox 778 3755 871 3814; x_wconf 74' lang='lat' dir='ltr'>cornui,</span> <span class='ocrx_word' id='word_1_660' title='bbox 964 3755 1020 3803; x_wconf 81' lang='lat' dir='ltr'>Non</span> <span class='ocrx_word' id='word_1_661' title='bbox 1039 3757 1119 3818; x_wconf 86' lang='lat' dir='ltr'>putris</span> <span class='ocrx_word' id='word_1_662' title='bbox 1136 3758 1271 3819; x_wconf 86' lang='lat' dir='ltr'>esperltur,</span> <span class='ocrx_word' id='word_1_663' title='bbox 1289 3774 1339 3807; x_wconf 91' lang='lat' dir='ltr'>uon</span> <span class='ocrx_word' id='word_1_664' title='bbox 1359 3774 1387 3809; x_wconf 89' lang='lat' dir='ltr'>se</span> <span class='ocrx_word' id='word_1_665' title='bbox 1406 3769 1483 3823; x_wconf 76' lang='lat' dir='ltr'>neget</span> <span class='ocrx_word' id='word_1_666' title='bbox 1502 3762 1558 3823; x_wconf 88' lang='lat' dir='ltr'>ipse</span> <span class='ocrx_word' id='word_1_667' title='bbox 1578 3774 1706 3831; x_wconf 67' lang='lat' dir='ltr'>regnu,</span> 
     </span>
     <span class='ocr_line' id='line_1_52' title="bbox 181 3821 1725 3901; baseline 0.016 -31"><span class='ocrx_word' id='word_1_668' title='bbox 181 3821 284 3871; x_wconf 86' lang='lat' dir='ltr'>lnecbis</span> <span class='ocrx_word' id='word_1_669' title='bbox 300 3830 363 3873; x_wconf 88' lang='lat' dir='ltr'>ente</span> <span class='ocrx_word' id='word_1_670' title='bbox 381 3832 473 3883; x_wconf 89' lang='lat' dir='ltr'>torum,</span> <span class='ocrx_word' id='word_1_671' title='bbox 493 3840 586 3887; x_wconf 84' lang='lat' dir='ltr'>pompe</span> <span class='ocrx_word' id='word_1_672' title='bbox 603 3826 724 3874; x_wconf 84' lang='lat' dir='ltr'>comitutu</span> <span class='ocrx_word' id='word_1_673' title='bbox 743 3836 855 3880; x_wconf 82' lang='lat' dir='ltr'>suorum,</span> <span class='ocrx_word' id='word_1_674' title='bbox 964 3825 1020 3873; x_wconf 83' lang='lat' dir='ltr'>lieo</span> <span class='ocrx_word' id='word_1_675' title='bbox 1033 3834 1119 3874; x_wconf 84' lang='lat' dir='ltr'>turnen</span> <span class='ocrx_word' id='word_1_676' title='bbox 1140 3834 1179 3875; x_wconf 88' lang='lat' dir='ltr'>est</span> <span class='ocrx_word' id='word_1_677' title='bbox 1192 3827 1315 3889; x_wconf 89' lang='lat' dir='ltr'>potiunde</span> <span class='ocrx_word' id='word_1_678' title='bbox 1334 3829 1393 3879; x_wconf 89' lang='lat' dir='ltr'>tibi:</span> <span class='ocrx_word' id='word_1_679' title='bbox 1414 3844 1470 3888; x_wconf 80' lang='lat' dir='ltr'>nec,</span> <span class='ocrx_word' id='word_1_680' title='bbox 1487 3839 1515 3881; x_wconf 90' lang='lat' dir='ltr'>ut</span> <span class='ocrx_word' id='word_1_681' title='bbox 1529 3837 1622 3886; x_wconf 80' lang='lat' dir='ltr'>omniu</span> <span class='ocrx_word' id='word_1_682' title='bbox 1641 3840 1725 3901; x_wconf 67' lang='lat' dir='ltr'>ssent,</span> 
     </span>
     <span class='ocr_line' id='line_1_53' title="bbox 181 3888 1738 3977; baseline 0.01 -38"><span class='ocrx_word' id='word_1_683' title='bbox 181 3890 236 3939; x_wconf 87' lang='lat' dir='ltr'>Aut</span> <span class='ocrx_word' id='word_1_684' title='bbox 250 3894 332 3953; x_wconf 87' lang='lat' dir='ltr'>stetit,</span> <span class='ocrx_word' id='word_1_685' title='bbox 347 3901 392 3943; x_wconf 87' lang='lat' dir='ltr'>eut</span> <span class='ocrx_word' id='word_1_686' title='bbox 405 3896 459 3943; x_wconf 82' lang='lat' dir='ltr'>vise</span> <span class='ocrx_word' id='word_1_687' title='bbox 471 3902 519 3943; x_wconf 79' lang='lat' dir='ltr'>eet.</span> <span class='ocrx_word' id='word_1_688' title='bbox 556 3895 666 3943; x_wconf 77' lang='lat' dir='ltr'>inerunt</span> <span class='ocrx_word' id='word_1_689' title='bbox 679 3893 777 3941; x_wconf 88' lang='lat' dir='ltr'>lunerle</span> <span class='ocrx_word' id='word_1_690' title='bbox 792 3888 869 3940; x_wconf 77' lang='lat' dir='ltr'>tronti</span> <span class='ocrx_word' id='word_1_691' title='bbox 963 3893 1027 3942; x_wconf 83' lang='lat' dir='ltr'>Erre</span> <span class='ocrx_word' id='word_1_692' title='bbox 1039 3903 1114 3957; x_wconf 88' lang='lat' dir='ltr'>potes</span> <span class='ocrx_word' id='word_1_693' title='bbox 1124 3893 1195 3957; x_wconf 76' lang='lat' dir='ltr'>felix,</span> <span class='ocrx_word' id='word_1_694' title='bbox 1210 3902 1237 3946; x_wconf 92' lang='lat' dir='ltr'>ut</span> <span class='ocrx_word' id='word_1_695' title='bbox 1252 3899 1328 3961; x_wconf 89' lang='lat' dir='ltr'>dique</span> <span class='ocrx_word' id='word_1_696' title='bbox 1340 3900 1506 3963; x_wconf 81' lang='lat' dir='ltr'>hominesque</span> <span class='ocrx_word' id='word_1_697' title='bbox 1520 3901 1663 3961; x_wconf 81' lang='lat' dir='ltr'>leborenr.</span> <span class='ocrx_word' id='word_1_698' title='bbox 1672 3912 1738 3977; x_wconf 77' lang='lat' dir='ltr'>[m</span> 
     </span>
     <span class='ocr_line' id='line_1_54' title="bbox 181 3960 1738 4034; baseline 0.008 -25"><span class='ocrx_word' id='word_1_699' title='bbox 181 3960 293 4020; x_wconf 80' lang='lat' dir='ltr'>Cornus,</span> <span class='ocrx_word' id='word_1_700' title='bbox 311 3977 368 4010; x_wconf 88' lang='lat' dir='ltr'>cum</span> <span class='ocrx_word' id='word_1_701' title='bbox 387 3964 462 4026; x_wconf 87' lang='lat' dir='ltr'>spicis</span> <span class='ocrx_word' id='word_1_702' title='bbox 481 3964 560 4012; x_wconf 90' lang='lat' dir='ltr'>nitido</span> <span class='ocrx_word' id='word_1_703' title='bbox 578 3963 732 4012; x_wconf 78' lang='lat' dir='ltr'>florentibus</span> <span class='ocrx_word' id='word_1_704' title='bbox 750 3976 822 4022; x_wconf 80' lang='lat' dir='ltr'>euro,</span> <span class='ocrx_word' id='word_1_705' title='bbox 964 3964 1038 4013; x_wconf 72' lang='lat' dir='ltr'>bunc</span> <span class='ocrx_word' id='word_1_706' title='bbox 1053 3979 1153 4028; x_wconf 87' lang='lat' dir='ltr'>quoque</span> <span class='ocrx_word' id='word_1_707' title='bbox 1168 3973 1283 4016; x_wconf 83' lang='lat' dir='ltr'>uotorum</span> <span class='ocrx_word' id='word_1_708' title='bbox 1297 3983 1356 4029; x_wconf 86' lang='lat' dir='ltr'>perr</span> <span class='ocrx_word' id='word_1_709' title='bbox 1369 3971 1440 4018; x_wconf 81' lang='lat' dir='ltr'>nulle</span> <span class='ocrx_word' id='word_1_710' title='bbox 1455 3975 1494 4018; x_wconf 87' lang='lat' dir='ltr'>est</span> <span class='ocrx_word' id='word_1_711' title='bbox 1509 3984 1578 4021; x_wconf 85' lang='lat' dir='ltr'>rene</span> <span class='ocrx_word' id='word_1_712' title='bbox 1593 3990 1738 4034; x_wconf 65' lang='lat' dir='ltr'>menen-2</span> 
     </span>
     <span class='ocr_line' id='line_1_55' title="bbox 181 4028 1689 4100; baseline 0.011 -23"><span class='ocrx_word' id='word_1_713' title='bbox 181 4028 215 4078; x_wconf 73' lang='lat' dir='ltr'>iit</span> <span class='ocrx_word' id='word_1_714' title='bbox 233 4032 320 4092; x_wconf 72' lang='lat' dir='ltr'>regele</span> <span class='ocrx_word' id='word_1_715' title='bbox 337 4031 429 4091; x_wconf 88' lang='lat' dir='ltr'>decur;</span> <span class='ocrx_word' id='word_1_716' title='bbox 450 4048 506 4081; x_wconf 89' lang='lat' dir='ltr'>eum</span> <span class='ocrx_word' id='word_1_717' title='bbox 525 4048 576 4097; x_wconf 91' lang='lat' dir='ltr'>que</span> <span class='ocrx_word' id='word_1_718' title='bbox 593 4035 701 4081; x_wconf 80' lang='lat' dir='ltr'>letrelor</span> <span class='ocrx_word' id='word_1_719' title='bbox 720 4030 829 4090; x_wconf 78' lang='lat' dir='ltr'>Anubis,</span> <span class='ocrx_word' id='word_1_720' title='bbox 887 4034 937 4079; x_wconf 80' lang='grc'>000</span> <span class='ocrx_word' id='word_1_721' title='bbox 963 4033 1046 4096; x_wconf 82' lang='lat' dir='ltr'>Dique</span> <span class='ocrx_word' id='word_1_722' title='bbox 1064 4034 1124 4081; x_wconf 91' lang='lat' dir='ltr'>milri</span> <span class='ocrx_word' id='word_1_723' title='bbox 1143 4033 1239 4095; x_wconf 82' lang='lat' dir='ltr'>luciles,</span> <span class='ocrx_word' id='word_1_724' title='bbox 1258 4037 1380 4100; x_wconf 91' lang='lat' dir='ltr'>quidquid</span> <span class='ocrx_word' id='word_1_725' title='bbox 1399 4041 1513 4095; x_wconf 84' lang='lat' dir='ltr'>reluere,</span> <span class='ocrx_word' id='word_1_726' title='bbox 1532 4039 1689 4099; x_wconf 76' lang='lat' dir='ltr'>dederent.</span> 
     </span>
     <span class='ocr_line' id='line_1_56' title="bbox 179 4100 1737 4181; baseline 0.012 -35"><span class='ocrx_word' id='word_1_727' title='bbox 179 4100 326 4163; x_wconf 77' lang='lat' dir='ltr'>secuteque</span> <span class='ocrx_word' id='word_1_728' title='bbox 345 4101 473 4161; x_wconf 81' lang='lat' dir='ltr'>Bubestis,</span> <span class='ocrx_word' id='word_1_729' title='bbox 493 4104 627 4166; x_wconf 77' lang='lat' dir='ltr'>veriusque</span> <span class='ocrx_word' id='word_1_730' title='bbox 645 4102 771 4150; x_wconf 83' lang='lat' dir='ltr'>coloribus</span> <span class='ocrx_word' id='word_1_731' title='bbox 785 4100 866 4162; x_wconf 65' lang='lat' dir='ltr'>Apin</span> <span class='ocrx_word' id='word_1_732' title='bbox 963 4102 1090 4167; x_wconf 79' lang='lat' dir='ltr'>Quodque</span> <span class='ocrx_word' id='word_1_733' title='bbox 1113 4117 1171 4166; x_wconf 69' lang='lat' dir='ltr'>ego,</span> <span class='ocrx_word' id='word_1_734' title='bbox 1189 4106 1243 4154; x_wconf 81' lang='lat' dir='ltr'>vult</span> <span class='ocrx_word' id='word_1_735' title='bbox 1262 4108 1372 4170; x_wconf 79' lang='lat' dir='ltr'>genitor,</span> <span class='ocrx_word' id='word_1_736' title='bbox 1396 4109 1450 4157; x_wconf 83' lang='lat' dir='ltr'>vult</span> <span class='ocrx_word' id='word_1_737' title='bbox 1464 4108 1528 4171; x_wconf 83' lang='lat' dir='ltr'>ipse,</span> <span class='ocrx_word' id='word_1_738' title='bbox 1541 4124 1681 4181; x_wconf 72' lang='lat' dir='ltr'>socerque</span> <span class='ocrx_word' id='word_1_739' title='bbox 1695 4120 1737 4171; x_wconf 67' lang='grc' dir='ltr'>ἡ.</span> 
     </span>
     <span class='ocr_line' id='line_1_57' title="bbox 180 4168 1472 4236; baseline 0 -20"><span class='ocrx_word' id='word_1_740' title='bbox 180 4168 282 4232; x_wconf 76' lang='lat' dir='ltr'>Quique</span> <span class='ocrx_word' id='word_1_741' title='bbox 298 4170 392 4232; x_wconf 86' lang='lat' dir='ltr'>premit</span> <span class='ocrx_word' id='word_1_742' title='bbox 415 4185 512 4231; x_wconf 86' lang='lat' dir='ltr'>rocem,</span> <span class='ocrx_word' id='word_1_743' title='bbox 528 4171 657 4236; x_wconf 67' lang='lat' dir='ltr'>digitoque</span> <span class='ocrx_word' id='word_1_744' title='bbox 676 4171 778 4220; x_wconf 83' lang='lat' dir='ltr'>silentis</span> <span class='ocrx_word' id='word_1_745' title='bbox 793 4169 900 4227; x_wconf 63' lang='lat' dir='ltr'>suadem</span> <span class='ocrx_word' id='word_1_746' title='bbox 1385 4183 1456 4226; x_wconf 63' lang='lat' dir='ltr'>euru.</span> <span class='ocrx_word' id='word_1_747' title='bbox 1465 4194 1472 4226; x_wconf 87' lang='lat'>:</span> 
     </span>
     <span class='ocr_line' id='line_1_58' title="bbox 179 4238 1639 4314; baseline 0.011 -29"><span class='ocrx_word' id='word_1_748' title='bbox 179 4238 312 4301; x_wconf 72' lang='lat' dir='ltr'>sistraque</span> <span class='ocrx_word' id='word_1_749' title='bbox 330 4245 413 4297; x_wconf 88' lang='lat' dir='ltr'>erent,</span> <span class='ocrx_word' id='word_1_750' title='bbox 425 4255 605 4304; x_wconf 76' lang='lat' dir='ltr'>nunquamque</span> <span class='ocrx_word' id='word_1_751' title='bbox 621 4241 683 4289; x_wconf 87' lang='lat' dir='ltr'>setis</span> <span class='ocrx_word' id='word_1_752' title='bbox 701 4240 831 4303; x_wconf 81' lang='lat' dir='ltr'>quaesitus</span> <span class='ocrx_word' id='word_1_753' title='bbox 846 4239 936 4296; x_wconf 86' lang='lat' dir='ltr'>Osiris,</span> <span class='ocrx_word' id='word_1_754' title='bbox 962 4240 999 4288; x_wconf 90' lang='lat' dir='ltr'>At</span> <span class='ocrx_word' id='word_1_755' title='bbox 1016 4255 1066 4289; x_wconf 91' lang='lat' dir='ltr'>non</span> <span class='ocrx_word' id='word_1_756' title='bbox 1084 4241 1140 4290; x_wconf 84' lang='lat' dir='ltr'>uult</span> <span class='ocrx_word' id='word_1_757' title='bbox 1157 4247 1259 4301; x_wconf 84' lang='lat' dir='ltr'>neture,</span> <span class='ocrx_word' id='word_1_758' title='bbox 1277 4247 1407 4307; x_wconf 91' lang='lat' dir='ltr'>potentior</span> <span class='ocrx_word' id='word_1_759' title='bbox 1424 4248 1540 4297; x_wconf 85' lang='lat' dir='ltr'>omnibus</span> <span class='ocrx_word' id='word_1_760' title='bbox 1559 4250 1639 4314; x_wconf 77' lang='lat' dir='ltr'>istls3</span> 
     </span>
     <span class='ocr_line' id='line_1_59' title="bbox 180 4307 1734 4388; baseline 0.008 -34"><span class='ocrx_word' id='word_1_761' title='bbox 180 4308 314 4371; x_wconf 74' lang='lat' dir='ltr'>Plenaque</span> <span class='ocrx_word' id='word_1_762' title='bbox 333 4307 462 4357; x_wconf 77' lang='lat' dir='ltr'>somniferi</span> <span class='ocrx_word' id='word_1_763' title='bbox 476 4324 584 4372; x_wconf 85' lang='lat' dir='ltr'>serpens</span> <span class='ocrx_word' id='word_1_764' title='bbox 608 4310 746 4372; x_wconf 69' lang='lat' dir='ltr'>peregrine</span> <span class='ocrx_word' id='word_1_765' title='bbox 764 4308 863 4357; x_wconf 84' lang='lat' dir='ltr'>ueneni.</span> <span class='ocrx_word' id='word_1_766' title='bbox 875 4310 935 4372; x_wconf 79' lang='lat' dir='ltr'>[uus</span> <span class='ocrx_word' id='word_1_767' title='bbox 962 4309 1035 4359; x_wconf 80' lang='lat' dir='ltr'>Quee</span> <span class='ocrx_word' id='word_1_768' title='bbox 1049 4311 1109 4358; x_wconf 82' lang='lat' dir='ltr'>milri</span> <span class='ocrx_word' id='word_1_769' title='bbox 1121 4312 1175 4359; x_wconf 87' lang='lat' dir='ltr'>sole</span> <span class='ocrx_word' id='word_1_770' title='bbox 1190 4321 1274 4362; x_wconf 85' lang='lat' dir='ltr'>nocet.</span> <span class='ocrx_word' id='word_1_771' title='bbox 1294 4314 1373 4365; x_wconf 87' lang='lat' dir='ltr'>Venit</span> <span class='ocrx_word' id='word_1_772' title='bbox 1388 4331 1458 4376; x_wconf 88' lang='lat' dir='ltr'>ecce,</span> <span class='ocrx_word' id='word_1_773' title='bbox 1473 4319 1589 4379; x_wconf 89' lang='lat' dir='ltr'>opteblle</span> <span class='ocrx_word' id='word_1_774' title='bbox 1605 4328 1734 4388; x_wconf 61' lang='lat' dir='ltr'>temp-⁸2</span> 
     </span>
     <span class='ocr_line' id='line_1_60' title="bbox 179 4376 1735 4453; baseline 0.008 -26"><span class='ocrx_word' id='word_1_775' title='bbox 179 4377 275 4435; x_wconf 76' lang='lat' dir='ltr'>Quum,</span> <span class='ocrx_word' id='word_1_776' title='bbox 288 4378 359 4425; x_wconf 83' lang='lat' dir='ltr'>reiut</span> <span class='ocrx_word' id='word_1_777' title='bbox 374 4392 506 4426; x_wconf 79' lang='lat' dir='ltr'>excussum</span> <span class='ocrx_word' id='word_1_778' title='bbox 518 4393 616 4437; x_wconf 89' lang='lat' dir='ltr'>somno,</span> <span class='ocrx_word' id='word_1_779' title='bbox 624 4386 651 4427; x_wconf 90' lang='lat' dir='ltr'>et</span> <span class='ocrx_word' id='word_1_780' title='bbox 662 4376 797 4426; x_wconf 80' lang='lat' dir='ltr'>nrenit‘esie</span> <span class='ocrx_word' id='word_1_781' title='bbox 805 4377 936 4427; x_wconf 83' lang='lat' dir='ltr'>videntem</span> <span class='ocrx_word' id='word_1_782' title='bbox 961 4378 1067 4442; x_wconf 82' lang='lat' dir='ltr'>Luxque</span> <span class='ocrx_word' id='word_1_783' title='bbox 1086 4380 1177 4442; x_wconf 69' lang='lat' dir='ltr'>iugulis</span> <span class='ocrx_word' id='word_1_784' title='bbox 1192 4382 1277 4443; x_wconf 88' lang='lat' dir='ltr'>edest,</span> <span class='ocrx_word' id='word_1_785' title='bbox 1299 4392 1327 4433; x_wconf 87' lang='lat' dir='ltr'>et</span> <span class='ocrx_word' id='word_1_786' title='bbox 1341 4385 1390 4433; x_wconf 86' lang='lat' dir='ltr'>iem</span> <span class='ocrx_word' id='word_1_787' title='bbox 1406 4399 1463 4433; x_wconf 88' lang='lat' dir='ltr'>mee</span> <span class='ocrx_word' id='word_1_788' title='bbox 1475 4384 1522 4435; x_wconf 81' lang='lat' dir='ltr'>liet</span> <span class='ocrx_word' id='word_1_789' title='bbox 1539 4387 1660 4453; x_wconf 71' lang='lat' dir='ltr'>lentlee3</span> <span class='ocrx_word' id='word_1_790' title='bbox 1679 4398 1735 4445; x_wconf 75' lang='lat' dir='ltr'>m</span> 
     </span>
     <span class='ocr_line' id='line_1_61' title="bbox 179 4445 1658 4514; baseline 0.008 -20"><span class='ocrx_word' id='word_1_791' title='bbox 179 4447 222 4494; x_wconf 83' lang='lat' dir='ltr'>liic</span> <span class='ocrx_word' id='word_1_792' title='bbox 235 4445 315 4495; x_wconf 79' lang='lat' dir='ltr'>eliste</span> <span class='ocrx_word' id='word_1_793' title='bbox 329 4446 380 4496; x_wconf 89' lang='lat' dir='ltr'>dee</span> <span class='ocrx_word' id='word_1_794' title='bbox 398 4454 452 4496; x_wconf 89' lang='lat' dir='ltr'>est:</span> <span class='ocrx_word' id='word_1_795' title='bbox 472 4448 537 4496; x_wconf 80' lang='lat' dir='ltr'>Pers</span> <span class='ocrx_word' id='word_1_796' title='bbox 553 4464 568 4496; x_wconf 92' lang='lat' dir='ltr'>o</span> <span class='ocrx_word' id='word_1_797' title='bbox 582 4450 722 4497; x_wconf 85' lang='lat' dir='ltr'>Telethuse</span> <span class='ocrx_word' id='word_1_798' title='bbox 739 4461 862 4508; x_wconf 83' lang='lat' dir='ltr'>meorum,</span> <span class='ocrx_word' id='word_1_799' title='bbox 961 4447 1018 4496; x_wconf 85' lang='lat' dir='ltr'>Nec</span> <span class='ocrx_word' id='word_1_800' title='bbox 1036 4448 1095 4496; x_wconf 90' lang='lat' dir='ltr'>milri</span> <span class='ocrx_word' id='word_1_801' title='bbox 1113 4452 1264 4514; x_wconf 72' lang='lat' dir='ltr'>confinget:</span> <span class='ocrx_word' id='word_1_802' title='bbox 1282 4454 1372 4502; x_wconf 86' lang='lat' dir='ltr'>mediis</span> <span class='ocrx_word' id='word_1_803' title='bbox 1390 4455 1503 4505; x_wconf 89' lang='lat' dir='ltr'>sitiemus</span> <span class='ocrx_word' id='word_1_804' title='bbox 1520 4457 1546 4504; x_wconf 91' lang='lat' dir='ltr'>ln</span> <span class='ocrx_word' id='word_1_805' title='bbox 1566 4458 1658 4511; x_wconf 78' lang='lat' dir='ltr'>ondin.</span> 
     </span>
     <span class='ocr_line' id='line_1_62' title="bbox 180 4515 1733 4589; baseline 0.009 -26"><span class='ocrx_word' id='word_1_806' title='bbox 180 4515 252 4564; x_wconf 91' lang='lat' dir='ltr'>Pone</span> <span class='ocrx_word' id='word_1_807' title='bbox 271 4530 363 4579; x_wconf 77' lang='lat' dir='ltr'>greres</span> <span class='ocrx_word' id='word_1_808' title='bbox 381 4530 464 4573; x_wconf 79' lang='lat' dir='ltr'>cures,</span> <span class='ocrx_word' id='word_1_809' title='bbox 483 4516 655 4581; x_wconf 80' lang='lat' dir='ltr'>mendeteque</span> <span class='ocrx_word' id='word_1_810' title='bbox 678 4516 737 4565; x_wconf 76' lang='lat' dir='ltr'>t&#39;elle</span> <span class='ocrx_word' id='word_1_811' title='bbox 756 4515 850 4566; x_wconf 78' lang='lat' dir='ltr'>meriti.</span> <span class='ocrx_word' id='word_1_812' title='bbox 961 4516 1082 4565; x_wconf 85' lang='lat' dir='ltr'>Pronuhe</span> <span class='ocrx_word' id='word_1_813' title='bbox 1093 4519 1306 4585; x_wconf 85' lang='lat' dir='ltr'>quidlnno,quid</span> <span class='ocrx_word' id='word_1_814' title='bbox 1320 4522 1353 4570; x_wconf 86' lang='lat' dir='ltr'>ed</span> <span class='ocrx_word' id='word_1_815' title='bbox 1364 4523 1437 4577; x_wconf 84' lang='lat' dir='ltr'>lreee.</span> <span class='ocrx_word' id='word_1_816' title='bbox 1451 4525 1617 4589; x_wconf 78' lang='lat' dir='ltr'>Hymessos,</span> <span class='ocrx_word' id='word_1_817' title='bbox 1629 4532 1733 4583; x_wconf 75' lang='lat' dir='ltr'>venirb</span> 
     </span>
     <span class='ocr_line' id='line_1_63' title="bbox 181 4584 1732 4653; baseline 0.008 -21"><span class='ocrx_word' id='word_1_818' title='bbox 181 4584 237 4632; x_wconf 71' lang='lat' dir='ltr'>liee</span> <span class='ocrx_word' id='word_1_819' title='bbox 254 4584 352 4645; x_wconf 85' lang='lat' dir='ltr'>debite,</span> <span class='ocrx_word' id='word_1_820' title='bbox 370 4601 446 4651; x_wconf 92' lang='lat' dir='ltr'>quum</span> <span class='ocrx_word' id='word_1_821' title='bbox 466 4591 492 4635; x_wconf 90' lang='lat' dir='ltr'>te</span> <span class='ocrx_word' id='word_1_822' title='bbox 511 4593 585 4648; x_wconf 90' lang='lat' dir='ltr'>pertn</span> <span class='ocrx_word' id='word_1_823' title='bbox 605 4586 702 4636; x_wconf 78' lang='lat' dir='ltr'>Lucina</span> <span class='ocrx_word' id='word_1_824' title='bbox 720 4586 822 4645; x_wconf 77' lang='lat' dir='ltr'>reverit,</span> <span class='ocrx_word' id='word_1_825' title='bbox 962 4586 1055 4645; x_wconf 69' lang='lat' dir='ltr'>Suom</span> <span class='ocrx_word' id='word_1_826' title='bbox 1075 4589 1165 4650; x_wconf 88' lang='lat' dir='ltr'>quibus</span> <span class='ocrx_word' id='word_1_827' title='bbox 1182 4592 1224 4653; x_wconf 92' lang='lat' dir='ltr'>qui</span> <span class='ocrx_word' id='word_1_828' title='bbox 1238 4591 1318 4640; x_wconf 84' lang='lat' dir='ltr'>ducet</span> <span class='ocrx_word' id='word_1_829' title='bbox 1331 4592 1413 4650; x_wconf 82' lang='lat' dir='ltr'>ebert,</span> <span class='ocrx_word' id='word_1_830' title='bbox 1432 4596 1472 4642; x_wconf 91' lang='lat' dir='ltr'>ubi</span> <span class='ocrx_word' id='word_1_831' title='bbox 1481 4596 1600 4646; x_wconf 87' lang='lat' dir='ltr'>nubimus</span> <span class='ocrx_word' id='word_1_832' title='bbox 1613 4602 1732 4651; x_wconf 64' lang='lat' dir='ltr'>eueher</span> 
     </span>
     <span class='ocr_line' id='line_1_64' title="bbox 177 4653 1675 4732; baseline 0.009 -32"><span class='ocrx_word' id='word_1_833' title='bbox 177 4653 280 4703; x_wconf 75' lang='lat' dir='ltr'>&#39;l&#39;ollere</span> <span class='ocrx_word' id='word_1_834' title='bbox 294 4655 418 4720; x_wconf 91' lang='lat' dir='ltr'>quidquid</span> <span class='ocrx_word' id='word_1_835' title='bbox 433 4656 492 4705; x_wconf 86' lang='lat' dir='ltr'>erit.</span> <span class='ocrx_word' id='word_1_836' title='bbox 511 4656 567 4704; x_wconf 85' lang='lat' dir='ltr'>Dee</span> <span class='ocrx_word' id='word_1_837' title='bbox 586 4671 639 4705; x_wconf 91' lang='lat' dir='ltr'>snm</span> <span class='ocrx_word' id='word_1_838' title='bbox 655 4655 795 4713; x_wconf 80' lang='lat' dir='ltr'>euuilieris,</span> <span class='ocrx_word' id='word_1_839' title='bbox 809 4670 936 4718; x_wconf 87' lang='lat' dir='ltr'>opemque</span> <span class='ocrx_word' id='word_1_840' title='bbox 961 4655 1061 4704; x_wconf 85' lang='lat' dir='ltr'>Pressit</span> <span class='ocrx_word' id='word_1_841' title='bbox 1077 4658 1110 4704; x_wconf 90' lang='lat' dir='ltr'>eb</span> <span class='ocrx_word' id='word_1_842' title='bbox 1129 4658 1167 4707; x_wconf 89' lang='lat' dir='ltr'>bis</span> <span class='ocrx_word' id='word_1_843' title='bbox 1186 4673 1283 4707; x_wconf 84' lang='lat' dir='ltr'>vocem.</span> <span class='ocrx_word' id='word_1_844' title='bbox 1320 4660 1376 4709; x_wconf 84' lang='lat' dir='ltr'>Nec</span> <span class='ocrx_word' id='word_1_845' title='bbox 1395 4664 1476 4713; x_wconf 89' lang='lat' dir='ltr'>lenius</span> <span class='ocrx_word' id='word_1_846' title='bbox 1494 4666 1577 4713; x_wconf 87' lang='lat' dir='ltr'>eltere</span> <span class='ocrx_word' id='word_1_847' title='bbox 1597 4667 1675 4732; x_wconf 68' lang='lat' dir='ltr'>virge</span> 
     </span>
     <span class='ocr_line' id='line_1_65' title="bbox 179 4698 1728 4797; baseline 0.009 -29"><span class='ocrx_word' id='word_1_848' title='bbox 179 4720 293 4772; x_wconf 77' lang='lat' dir='ltr'>Exorata</span> <span class='ocrx_word' id='word_1_849' title='bbox 311 4724 379 4785; x_wconf 84' lang='lat' dir='ltr'>sero;</span> <span class='ocrx_word' id='word_1_850' title='bbox 399 4740 448 4774; x_wconf 88' lang='lat' dir='ltr'>nec</span> <span class='ocrx_word' id='word_1_851' title='bbox 466 4731 492 4773; x_wconf 91' lang='lat' dir='ltr'>te</span> <span class='ocrx_word' id='word_1_852' title='bbox 509 4726 617 4774; x_wconf 85' lang='lat' dir='ltr'>coluisse</span> <span class='ocrx_word' id='word_1_853' title='bbox 635 4724 750 4788; x_wconf 86' lang='lat' dir='ltr'>quereris</span> <span class='ocrx_word' id='word_1_854' title='bbox 886 4729 936 4773; x_wconf 80' lang='lat' dir='ltr'>tuo</span> <span class='ocrx_word' id='word_1_855' title='bbox 948 4698 1083 4783; x_wconf 81' lang='lat' dir='ltr'>iAestuet;</span> <span class='ocrx_word' id='word_1_856' title='bbox 1094 4734 1170 4790; x_wconf 87' lang='lat' dir='ltr'>utque</span> <span class='ocrx_word' id='word_1_857' title='bbox 1178 4729 1247 4776; x_wconf 85' lang='lat' dir='ltr'>celer</span> <span class='ocrx_word' id='word_1_858' title='bbox 1258 4729 1354 4787; x_wconf 80' lang='lat' dir='ltr'>uenies,</span> <span class='ocrx_word' id='word_1_859' title='bbox 1363 4731 1524 4794; x_wconf 73' lang='lat' dir='ltr'>Hymenaee,</span> <span class='ocrx_word' id='word_1_860' title='bbox 1533 4740 1728 4797; x_wconf 68' lang='lat' dir='ltr'>preoutnrm</span> 
     </span>
     <span class='ocr_line' id='line_1_66' title="bbox 179 4774 1728 4871; baseline 0.012 -34"><span class='ocrx_word' id='word_1_861' title='bbox 179 4790 313 4852; x_wconf 77' lang='lat' dir='ltr'>lnqrutum</span> <span class='ocrx_word' id='word_1_862' title='bbox 332 4809 437 4845; x_wconf 88' lang='lat' dir='ltr'>numen.</span> <span class='ocrx_word' id='word_1_863' title='bbox 473 4795 582 4853; x_wconf 85' lang='lat' dir='ltr'>Monuit,</span> <span class='ocrx_word' id='word_1_864' title='bbox 604 4796 767 4856; x_wconf 82' lang='lat' dir='ltr'>tlralnmoque</span> <span class='ocrx_word' id='word_1_865' title='bbox 785 4794 899 4843; x_wconf 82' lang='lat' dir='ltr'>recessit.</span> <span class='ocrx_word' id='word_1_866' title='bbox 947 4774 1036 4842; x_wconf 79' lang='lat' dir='ltr'>1Quod</span> <span class='ocrx_word' id='word_1_867' title='bbox 1054 4796 1120 4857; x_wconf 87' lang='lat' dir='ltr'>petit</span> <span class='ocrx_word' id='word_1_868' title='bbox 1141 4798 1214 4856; x_wconf 85' lang='lat' dir='ltr'>lreeo,</span> <span class='ocrx_word' id='word_1_869' title='bbox 1233 4799 1373 4848; x_wconf 83' lang='lat' dir='ltr'>Telctlruse</span> <span class='ocrx_word' id='word_1_870' title='bbox 1392 4803 1493 4860; x_wconf 83' lang='lat' dir='ltr'>timens,</span> <span class='ocrx_word' id='word_1_871' title='bbox 1510 4804 1728 4871; x_wconf 87' lang='lat' dir='ltr'>modoternpore</span> 
     </span>
     <span class='ocr_line' id='line_1_67' title="bbox 179 4826 1485 4930; baseline -0.002 -21"><span class='ocrx_word' id='word_1_872' title='bbox 179 4858 260 4909; x_wconf 63' lang='lat' dir='ltr'>laete</span> <span class='ocrx_word' id='word_1_873' title='bbox 279 4868 334 4911; x_wconf 89' lang='lat' dir='ltr'>torn</span> <span class='ocrx_word' id='word_1_874' title='bbox 353 4868 442 4928; x_wconf 72' lang='lat' dir='ltr'>surgit,</span> <span class='ocrx_word' id='word_1_875' title='bbox 460 4878 588 4930; x_wconf 80' lang='lat' dir='ltr'>purusque</span> <span class='ocrx_word' id='word_1_876' title='bbox 606 4866 639 4913; x_wconf 86' lang='lat' dir='ltr'>ed</span> <span class='ocrx_word' id='word_1_877' title='bbox 659 4863 745 4912; x_wconf 84' lang='lat' dir='ltr'>sidere</span> <span class='ocrx_word' id='word_1_878' title='bbox 762 4864 873 4925; x_wconf 83' lang='lat' dir='ltr'>supplex</span> <span class='ocrx_word' id='word_1_879' title='bbox 945 4826 952 4907; x_wconf 92' lang='lat' dir='ltr'>i</span> <span class='ocrx_word' id='word_1_880' title='bbox 1384 4871 1485 4923; x_wconf 51' lang='lat' dir='ltr'>duflum</span> 
     </span>
    </p>
   </div>
   <div class='ocr_carea' id='block_1_3' title="bbox 179 5026 1723 5147">
    <p class='ocr_par' dir='ltr' id='par_1_4' title="bbox 179 5026 1723 5147">
     <span class='ocr_line' id='line_1_68' title="bbox 227 5026 1723 5102; baseline 0.013 -32"><span class='ocrx_word' id='word_1_881' title='bbox 227 5026 274 5093; x_wconf 42' lang='grc'><strong>’000</strong></span> <span class='ocrx_word' id='word_1_882' title='bbox 287 5027 484 5081; x_wconf 61' lang='lat' dir='ltr'>periturorum.</span> <span class='ocrx_word' id='word_1_883' title='bbox 524 5031 562 5074; x_wconf 82' lang='grc'>001</span> <span class='ocrx_word' id='word_1_884' title='bbox 578 5036 643 5075; x_wconf 78' lang='lat' dir='ltr'>turer</span> <span class='ocrx_word' id='word_1_885' title='bbox 658 5030 688 5074; x_wconf 88' lang='lat' dir='ltr'>ll.</span> <span class='ocrx_word' id='word_1_886' title='bbox 701 5043 715 5074; x_wconf 85' lang='grc'>0</span> <span class='ocrx_word' id='word_1_887' title='bbox 729 5029 777 5074; x_wconf 83' lang='lat' dir='ltr'>esd.</span> <span class='ocrx_word' id='word_1_888' title='bbox 809 5028 850 5073; x_wconf 82' lang='lat' dir='ltr'>sss</span> <span class='ocrx_word' id='word_1_889' title='bbox 867 5029 940 5082; x_wconf 70' lang='lat' dir='ltr'>ruer,</span> <span class='ocrx_word' id='word_1_890' title='bbox 953 5030 1020 5074; x_wconf 82' lang='grc'><strong>00100</strong></span> <span class='ocrx_word' id='word_1_891' title='bbox 1033 5031 1082 5077; x_wconf 80' lang='lat' dir='ltr'>eorl.</span> <span class='ocrx_word' id='word_1_892' title='bbox 1097 5033 1143 5102; x_wconf 69' lang='lat' dir='ltr'>flod</span> <span class='ocrx_word' id='word_1_893' title='bbox 1158 5046 1179 5078; x_wconf 91' lang='grc'>0.</span> <span class='ocrx_word' id='word_1_894' title='bbox 1194 5034 1245 5083; x_wconf 73' lang='lat' dir='ltr'>xit.</span> <span class='ocrx_word' id='word_1_895' title='bbox 1259 5036 1306 5082; x_wconf 86' lang='grc'><strong>100.</strong></span> <span class='ocrx_word' id='word_1_896' title='bbox 1341 5039 1382 5084; x_wconf 74' lang='lat' dir='ltr'>m</span> <span class='ocrx_word' id='word_1_897' title='bbox 1401 5039 1521 5098; x_wconf 68' lang='lat' dir='ltr'>Quemque</span> <span class='ocrx_word' id='word_1_898' title='bbox 1535 5039 1566 5084; x_wconf 82' lang='lat' dir='ltr'>il·</span> <span class='ocrx_word' id='word_1_899' title='bbox 1580 5052 1595 5085; x_wconf 90' lang='grc'>0</span> <span class='ocrx_word' id='word_1_900' title='bbox 1608 5040 1662 5087; x_wconf 83' lang='lat' dir='ltr'>esd.</span> <span class='ocrx_word' id='word_1_901' title='bbox 1674 5042 1723 5090; x_wconf 71' lang='lat' dir='ltr'>Sed</span> 
     </span>
     <span class='ocr_line' id='line_1_69' title="bbox 179 5081 1545 5147; baseline 0.011 -21"><span class='ocrx_word' id='word_1_902' title='bbox 179 5081 283 5126; x_wconf 80' lang='lat' dir='ltr'>lenreie.</span> <span class='ocrx_word' id='word_1_903' title='bbox 298 5095 342 5125; x_wconf 88' lang='lat' dir='ltr'>noe</span> <span class='ocrx_word' id='word_1_904' title='bbox 357 5086 464 5129; x_wconf 85' lang='lat' dir='ltr'>eoureuit</span> <span class='ocrx_word' id='word_1_905' title='bbox 479 5087 611 5142; x_wconf 85' lang='lat' dir='ltr'>insequenti</span> <span class='ocrx_word' id='word_1_906' title='bbox 626 5099 701 5128; x_wconf 74' lang='lat' dir='ltr'>enum,</span> <span class='ocrx_word' id='word_1_907' title='bbox 741 5088 782 5131; x_wconf 77' lang='lat' dir='ltr'>lli</span> <span class='ocrx_word' id='word_1_908' title='bbox 797 5085 850 5130; x_wconf 78' lang='lat' dir='ltr'>uide</span> <span class='ocrx_word' id='word_1_909' title='bbox 866 5085 895 5129; x_wconf 89' lang='lat' dir='ltr'>ll.</span> <span class='ocrx_word' id='word_1_910' title='bbox 910 5098 925 5128; x_wconf 91' lang='grc'>0</span> <span class='ocrx_word' id='word_1_911' title='bbox 938 5086 1001 5130; x_wconf 78' lang='lat' dir='ltr'>codd</span> <span class='ocrx_word' id='word_1_912' title='bbox 1028 5090 1068 5132; x_wconf 80' lang='grc'>000</span> <span class='ocrx_word' id='word_1_913' title='bbox 1083 5097 1170 5136; x_wconf 85' lang='lat' dir='ltr'>utrem</span> <span class='ocrx_word' id='word_1_914' title='bbox 1184 5093 1301 5147; x_wconf 75' lang='lat' dir='ltr'>meellst.</span> <span class='ocrx_word' id='word_1_915' title='bbox 1540 5106 1545 5129; x_wconf 57' lang='grc' dir='ltr'><strong>ἱ</strong></span> 
     </span>
    </p>
   </div>
   <div class='ocr_carea' id='block_1_4' title="bbox 0 0 1798 5498">
    <p class='ocr_par' dir='ltr' id='par_1_5' title="bbox 0 0 1798 5498">
     <span class='ocr_line' id='line_1_70' title="bbox 0 0 1798 5498; baseline 0 0"><span class='ocrx_word' id='word_1_916' title='bbox 0 0 1798 5498; x_wconf 95' lang='lat' dir='ltr'> </span> 
     </span>
    </p>
   </div>
  </div>
 </body>
</html>
