3586 5498
369 309 782 359 marturianenses
814 310 1240 360 murnmonrrroenon
1265 314 1347 361 nra
1374 315 1411 361 ιι.
1595 292 1670 362 tua

116 485 175 537 Nun
191 483 250 534 tulit
264 481 423 545 Inachides3
445 482 583 548 matrique,
602 481 649 544 ait,
662 483 750 533 ornula
770 483 880 535 demens
905 483 1019 532 Brachia
1037 482 1163 546 porrexit,
1182 489 1354 547 spectansque
1371 484 1405 534 asi
1418 485 1516 536 lumina
1531 486 1608 551 Solis,

116 554 219 612 Credis,
235 559 263 602 et
284 569 312 601 es
330 553 443 603 tumidus
460 553 585 616 genitoris
597 552 708 613 imagine
724 550 793 603 tarsi.
905 553 957 601 Per
972 553 1046 601 iubar
1056 553 1113 614 hoc,
1126 552 1218 615 iuquit,
1233 552 1313 601 radiis
1326 552 1425 616 insigne
1444 556 1564 616 coruscis,

115 622 227 672 Erubuit
239 623 386 683 Phaethon,
398 622 515 685 ira-qne
528 621 628 683 pudure
642 622 781 682 repressit;
828 626 878 671 rut
904 620 984 680 Nate,
1006 621 1051 669 tibi
1070 621 1135 682 iuro,
1151 619 1220 684 quod
1236 635 1282 669 nos
1301 622 1426 685 auditque
1447 624 1583 688 videtque:

115 691 150 740 lit
170 694 229 740 tulit
245 692 280 740 ad
294 692 437 755 Clymenen
456 690 559 753 Epaphi
580 690 696 738 convicia
708 697 826 740 matrem.
905 689 1005 749 Hucte,
1011 703 1088 753 quem
1095 695 1209 752 spectas,
1217 689 1265 738 hoc
1277 692 1362 754 te,qui
1371 697 1500 754 temperat
1509 695 1606 754 orbem,
1617 698 1669 744 770

116 761 226 823 Quoque
243 761 323 822 magis
341 759 441 819 doleas,
460 759 589 821 genetrix,
605 759 657 807 ait:
679 758 722 807 lile
737 773 785 821 ego
804 759 879 824 iiber,
904 758 965 807 Sole
975 765 1069 807 satum.
1089 759 1116 807 Si
1133 756 1196 807 ficta
1210 759 1309 821 loquor,
1328 766 1407 822 neget
1422 761 1479 822 ipso
1493 762 1633 811 videndum

114 828 166 878 itte
181 828 256 877 ferox
269 830 347 877 tacui.
366 828 455 878 Pudet
477 828 542 876 haec
557 826 697 888 opprobria
719 828 792 877 uubis
904 828 938 875 Se
950 827 1021 885 mihi,
1038 827 1123 891 sitque
1141 827 1223 877 oeulis
1240 829 1284 876 lux
1306 827 1356 876 ista
1376 829 1516 877 novissima
1532 831 1634 880 nostris.

115 897 151 946 Et
169 897 221 945 dici
240 898 364 959 potuisse,
385 902 412 944 et
431 910 482 944 nou
503 896 617 958 potuisse
639 896 740 958 repelli.
904 896 961 945 Nec
976 895 1067 959 longus
1078 896 1151 943 labor
1166 901 1215 953 est,
1230 896 1328 958 patrios
1347 897 1393 944 tibi
1411 911 1486 945 nosse
1503 898 1634 949 Penates:

116 965 154 1015 hs
170 972 208 1027 tn,
229 965 343 1015 simodo
359 979 416 1013 sum
435 965 540 1012 coelesti
559 964 641 1027 stirpe
663 971 775 1025 creatae,
829 969 879 1016 luo
905 964 983 1013 Unde
994 963 1086 1024 oritur,
1101 963 1193 1012 domus
1212 970 1252 1012 est
1269 970 1356 1013 terrae
1374 966 1534 1015 contermina
1555 974 1669 1019 nostrae.

116 1034 173 1083 Ede
194 1041 280 1083 notam
301 1035 367 1083 tanti
381 1035 495 1094 generis,
509 1047 602 1096 meque
620 1045 708 1081 assere
729 1036 810 1084 coeio.
905 1034 932 1081 Si
940 1032 1016 1082 modu
1023 1030 1190 1091 fertanlmus,
1199 1033 1320 1094 gradere,
1332 1039 1359 1081 ει
1367 1034 1494 1083 scitabere
1504 1037 1537 1084 ab
1547 1038 1611 1100 ipso.
1620 1042 1670 1089 tte

116 1103 199 1163 Dixit,
223 1109 250 1151 et
263 1103 391 1166 implicuit
404 1109 522 1150 materno
539 1102 645 1150 brachia
666 1103 741 1164 collo,
906 1101 1008 1150 Emicat
1017 1103 1149 1163 extempio
1162 1103 1246 1150 iaetus
1261 1108 1317 1163 post
1331 1103 1393 1150 talia
1407 1102 1496 1151 matris

116 1172 221 1235 Perque
232 1186 316 1229 suum,
326 1172 495 1235 Meropisque
503 1178 590 1233 caput,
599 1170 741 1235 taedasque
754 1184 880 1236 sororum,
904 1171 1055 1218 Dictasuae
1069 1169 1217 1230 Phaethon,
1233 1177 1260 1218 et
1275 1172 1388 1233 concipit
1403 1173 1511 1220 aethere
1530 1179 1633 1221 mente:

115 1240 253 1300 traderes,
268 1239 361 1301 oravit,
376 1239 431 1289 veri
449 1239 498 1288 sibi
515 1240 589 1301 signa
602 1240 727 1302 parentis.
905 1239 1101 1302 Aethiopasque
1117 1253 1186 1299 euos,
1204 1239 1350 1302 positosque
1368 1240 1414 1287 sub
1434 1241 1536 1300 ignibus
1554 1240 1634 1289 ludos

118 1308 283 1372 Ambiguum,
290 1308 414 1372 Clymene
422 1309 543 1371 precibus
550 1307 731 1369 Phaethontis,
740 1322 773 1357 au
784 1308 879 1360 lra‘thi
905 1307 1021 1357 Sidereis
1033 1306 1136 1371 nsunt,
1152 1308 1302 1371 patriosque
1316 1308 1372 1358 adit
1387 1309 1497 1372 impiger
1513 1315 1593 1359 ortus.

116 1377 190 1426 Muta
204 1378 285 1441 magis
295 1377 360 1427 dicti
371 1376 420 1426 sibl
434 1376 556 1439 criminis,
569 1382 678 1441 utraque
697 1377 770 1427 coelo

503 1616 769 1695 hinnit
843 1615 1302 1695 SECUNDUS.

117 1809 200 1877 Regia
211 1810 278 1863 Solis
293 1820 351 1865 erat
369 1814 518 1865 sublimibus
533 1814 588 1865 alta
600 1813 735 1878 columnis,
906 1814 1040 1866 Paenituit
1058 1815 1157 1865 iurasse
1176 1822 1287 1879 patrem,
1304 1814 1347 1881 qui
1365 1819 1457 1880 terqua
1475 1819 1618 1880 quaterque

117 1881 196 1931 ctam
210 1882 321 1932 micante
338 1900 416 1945 auro,
441 1885 609 1949 flammasque
625 1884 743 1935 imitante
765 1898 881 1950 pyropo;
906 1884 1064 1934 Concutiens
1082 1885 1181 1933 illustre
1198 1893 1287 1948 caput,
1306 1886 1466 1942 Temeraria,
1485 1883 1561 1943 dixit,
1638 1887 1671 1932 ht

117 1950 196 2000 Cuius
212 1952 276 2000 ebur
293 1952 401 2002 nitidum
414 1951 517 2017 fastigia
533 1969 632 2004 summa
648 1955 770 2016 tenebat;
907 1954 966 2002 Vox
983 1968 1042 2003 mea
1057 1951 1126 2002 iacta
1145 1958 1190 2002 tua
1209 1959 1259 2005 est.
1295 1953 1399 2002 Utinam
1419 1952 1544 2016 promissa
1562 1953 1654 2003 liceret

116 2017 229 2081 Argenti
244 2016 338 2069 bifores
359 2022 496 2071 radiabant
511 2023 606 2071 iumine
621 2022 721 2072 valvae.
884 2030 888 2037 ’
907 2022 965 2071 Non
978 2018 1058 2071 darei
1076 2020 1212 2083 confiteor,
1225 2024 1307 2071 solum
1319 2025 1367 2071 hoc
1385 2024 1439 2083 tibi,
1452 2028 1524 2078 nate,
1538 2036 1671 2083 negarem.

116 2088 254 2137 histerlem
273 2090 414 2151 superabat
430 2106 508 2153 opus:
528 2105 587 2139 nam
603 2090 731 2140 Mulciber
743 2089 795 2140 illic
865 2096 880 2139 li
906 2089 1067 2140 Dissuadere
1083 2090 1152 2138 licet.
1189 2091 1247 2139 Non
1269 2097 1309 2139 est
1328 2098 1373 2140 tna
1388 2091 1592 2148 tutavoluutas;

118 2156 242 2220 Aequora
257 2159 381 2217 caelarat,
397 2156 495 2207 medius
513 2159 644 2221 cingentia
658 2164 750 2219 terras,
907 2158 1004 2221 Magna
1015 2158 1093 2221 petis,
1111 2158 1258 2217 Phaethon,
1276 2165 1303 2207 ει
1320 2156 1388 2222 quac
1400 2173 1449 2206 uec
1468 2157 1564 2205 viribus
1583 2157 1637 2205 istis

116 2224 307 2290 Terrarumque
319 2227 417 2286 orbem,
432 2228 594 2290 coelumque,
607 2226 675 2290 quod
685 2228 803 2276 imminet
816 2226 881 2278 urbi.
906 2226 1019 2275 Munera
1035 2226 1200 2288 conveniant,
1219 2241 1268 2275 nec
1286 2232 1339 2275 tam
1359 2226 1501 2288 puerilibus
1519 2225 1602 2274 anuis.
1639 2231 1672 2274 00

119 2293 259 2342 Caermeus
274 2294 353 2343 habet
368 2293 437 2343 rrnda
449 2295 522 2355 deos,
541 2295 647 2343 Tritona
662 2309 793 2356 canorum,
907 2297 968 2344 Sors
987 2301 1031 2343 tua
1049 2295 1181 2353 mortalis;
1198 2310 1249 2343 uon
1269 2301 1310 2343 eet
1328 2296 1446 2353 mortale,
1462 2293 1531 2358 quod
1551 2299 1636 2355 optas.

118 2361 266 2425 Proteaque
284 2361 440 2424 ambiguum,
457 2364 675 2426 balaenarumque
691 2367 853 2426 prementem
908 2364 971 2412 Plus
990 2363 1077 2423 etiam,
1097 2376 1173 2426 qnam
1195 2362 1263 2426 quod
1282 2364 1383 2425 superis
1402 2363 1554 2423 contingere
1572 2360 1611 2410 sas
1628 2361 1673 2425 sit,

118 2430 262 2493 Aegaeona
276 2432 327 2480 suis
339 2432 460 2481 immania
477 2439 551 2493 terga
567 2433 681 2493 lacertis,
849 2435 881 2483 10
908 2432 1017 2481 Nescius
1033 2431 1149 2481 affectas.
1186 2432 1294 2480 Placeat
1311 2431 1359 2481 eibi
1371 2432 1479 2495 quisque
1498 2430 1601 2491 licebit;

118 2497 278 2562 Doridaque,
292 2507 319 2548 et
331 2507 420 2549 natas:
439 2514 546 2565 quarum
562 2514 622 2564 pars
637 2514 700 2549 nare
717 2498 847 2562 videntur,
907 2501 965 2549 Non
980 2507 1066 2549 tamen
1082 2498 1191 2562 ignifero
1209 2500 1343 2564 quisquam
1363 2500 1505 2548 consistere
1522 2500 1548 2547 in
1569 2513 1620 2548 axe

118 2567 185 2616 Pars
198 2568 225 2636 in
238 2570 304 2617 mole
322 2568 417 2618 sedens
437 2569 532 2618 virides
549 2569 646 2619 siccare
666 2568 783 2630 capillos,
907 2569 952 2617 iiie
969 2570 1040 2617 valet
1059 2573 1179 2630 excepto.
1198 2566 1272 2617 Vasti
1290 2583 1391 2633 qnoque
1408 2574 1495 2617 rector
1514 2567 1629 2631 Olympi,
1638 2572 1673 2621 00

118 2636 195 2685 Pisce
209 2636 267 2683 vehi
284 2636 421 2701 quaedum.
441 2638 533 2686 Facies
548 2652 599 2686 nou
617 2638 733 2687 omnibus
752 2652 812 2699 una,
907 2638 959 2688 Qui
975 2635 1031 2685 iera
1049 2637 1160 2685 terribili
1177 2637 1305 2687 iaculatur
1324 2636 1432 2686 fulmina
1449 2635 1553 2697 dextra,

119 2704 176 2754 Nee
192 2702 296 2754 diversa
313 2713 417 2755 tamen:
435 2708 538 2770 qualem
553 2705 631 2756 decet
648 2721 705 2756 esse
722 2721 846 2757 sororum.
907 2707 965 2755 Non
978 2711 1039 2767 agat
1052 2706 1097 2754 hos
1110 2720 1218 2767 cnrrus;
1247 2706 1347 2770 etquid
1362 2705 1424 2755 iove
1437 2706 1519 2755 maius
1531 2706 1673 2755 habemnel

117 2773 200 2821 Terra
213 2773 288 2834 risos,
310 2775 437 2838 urbesque
454 2776 531 2837 gerit,
545 2776 684 2839 silvasque,
698 2773 829 2840 i'erasque,
850 2778 881 2823 la
908 2773 1000 2824 Ardua
1013 2774 1095 2836 prima
1107 2775 1149 2823 via
1162 2780 1211 2835 est,
1231 2781 1258 2823 ει
1271 2790 1322 2839 qua
1335 2774 1377 2823 vix
1394 2788 1470 2823 mane
1483 2782 1603 2849 recentes

118 2841 297 2906 Flaminaque,
313 2847 341 2892 et
355 2843 499 2907 Nymphas,
518 2849 545 2893 et
561 2851 649 2893 cetera
667 2844 774 2893 numina
788 2844 864 2894 ruris.
907 2844 1046 2893 Enitantur
1061 2844 1136 2907 equi;
1155 2842 1242 2893 medio
1260 2849 1300 2892 est
1313 2843 1358 2892 alt'

119 2909 193 2958 ilaec
207 2923 285 2973 super
300 2910 419 2975 imposita
440 2917 482 2962 est
496 2912 561 2962 coeii
577 2912 699 2975 fulgentis
711 2912 804 2975 imago,
907 2910 984 2960 Unde
996 2918 1107 2960 marcet
1120 2918 1204 2960 terras
1222 2912 1270 2973 ipsi
1283 2912 1344 2960 mihi
1356 2926 1436 2974 saepe
1471 2910 1545 2983 Μ
1638 2914 1672 2959 hl

118 2978 248 3043 Signaque
264 2992 311 3028 sex
327 2978 424 3029 loribus
440 2980 550 3043 dextris,
567 2979 727 3044 totidemque
745 2980 863 3031 sinistris.
907 2981 950 3029 ris
963 2980 1050 3041 timor,
1069 2986 1096 3028 et
1117 2980 1213 3042 pavida
1233 2980 1349 3042 trepidat
1363 2978 1502 3029 formidine
1521 2984 1630 3042 pactus3

118 3046 178 3098 Qun
192 3047 267 3095 simui
282 3049 381 3097 acclivo
402 3049 552 3113 Clymeneia
566 3050 647 3098 limite
662 3050 749 3111 proles
907 3049 1006 3097 Ultima
1026 3062 1108 3110 pruna
1129 3049 1171 3097 via
1193 3054 1248 3108 est,
1268 3054 1295 3096 et
1314 3057 1376 3111 eget
1393 3048 1570 3098 moderamine
1589 3056 1672 3100 certo.

64 3111 67 3119 '
118 3114 209 3176 Venit,
228 3122 256 3164 et
266 3116 374 3166 intravit
389 3116 500 3167 dubitati
518 3124 588 3167 tecta
607 3118 742 3179 parentis;
848 3120 882 3166 2⁰
905 3118 978 3165 Tunc
996 3116 1085 3176 etiam,
1106 3131 1173 3180 quae
1196 3132 1237 3165 me
1256 3119 1377 3166 subiectis
1404 3118 1502 3180 excipit
1518 3117 1603 3177 undis,

118 3183 241 3233 Protinus
256 3183 290 3233 ad
306 3187 404 3248 patrios
422 3200 469 3235 sua
485 3184 538 3236 fert
551 3186 660 3247 vestigia
676 3187 771 3244 vultus,
882 3242 887 3249 ι
906 3186 955 3241 Ne
967 3183 1039 3234 ferar
1054 3187 1079 3234 in
1101 3200 1238 3249 praeceps,
1256 3186 1354 3248 Tethys
1373 3187 1439 3234 solet
1452 3186 1509 3248 ipsa
1525 3185 1618 3234 vereri.

119 3252 295 3315 consistitque
316 3255 423 3315 procul,
439 3269 522 3318 neque
539 3255 607 3303 euim
624 3253 746 3317 propiora
762 3253 866 3305 terebat
908 3254 997 3315 Adde,
1017 3253 1086 3319 quod
1103 3253 1207 3303 assidtm
1219 3255 1320 3316 rapitur
1339 3254 1467 3315 vertigine
1483 3255 1593 3312 coelum,
1639 3256 1673 3303 70

118 3320 237 3369 Lamina.
255 3320 390 3382 Purpurea
405 3326 506 3371 velatus
520 3329 592 3373 veste
607 3322 717 3371 sedebat
906 3321 1051 3387 Sideraque
1069 3322 1123 3371 alta
1135 3322 1224 3381 trahit,
1243 3323 1373 3384 celerique
1395 3323 1525 3369 sdumino
1542 3328 1654 3384 torquet.

119 3386 151 3435 lu
165 3387 227 3436 solio
241 3388 372 3449 Phoebus,
390 3390 466 3438 claris
481 3393 584 3439 lucente
603 3390 757 3453 smaragdis.
908 3391 985 3439 Nitor
996 3392 1021 3438 in
1035 3389 1189 3449 adversum,
1209 3403 1258 3437 nec
1278 3404 1328 3447 mc,
1348 3389 1392 3452 qui
1409 3395 1507 3451 cetera,
1524 3389 1605 3437 vincit

120 3453 146 3505 Α
162 3453 267 3513 dextra,
278 3456 405 3519 laevaque
417 3458 489 3515 Dies,
504 3464 532 3506 et
543 3459 652 3521 Mensis,
666 3466 693 3507 et
713 3458 815 3519 hunus,
849 3462 881 3507 2⁵
908 3459 1027 3520 Impetus
1043 3461 1070 3504 ct
1089 3456 1180 3518 rapido
1199 3458 1344 3506 contrarius
1364 3458 1461 3506 evehor
1479 3457 1544 3507 urbi.

119 3523 291 3586 Saeculaque,
311 3530 338 3572 et
353 3524 451 3586 positae
465 3525 555 3587 spatiis
572 3527 723 3590 aequalibus
738 3527 838 3589 Horae,
908 3527 990 3588 Pinge
1008 3525 1083 3574 datos
1096 3540 1195 3574 currus.
1232 3525 1302 3575 Quid
1316 3533 1394 3585 agest
1414 3525 1546 3588 poterisne
1565 3526 1656 3574 rotatis

121 3591 228 3655 Verque
245 3606 338 3640 novum
355 3592 451 3655 stabat,
470 3594 582 3642 cinctum
599 3593 710 3643 florente
726 3610 831 3645 εοιοιιι.
909 3595 1009 3644 Obvius
1025 3594 1063 3642 ire
1081 3594 1156 3657 polis,
1174 3608 1206 3643 ne
1226 3599 1252 3643 te
1273 3595 1339 3643 citus
1363 3593 1466 3643 unierat
1484 3595 1557 3644 aaisl
1640 3599 1673 3643 ll

120 3661 214 3710 Stabat
230 3659 301 3709 nuda
317 3660 424 3722 Aestas,
445 3665 472 3710 et
487 3661 574 3724 spicea
589 3670 660 3712 serta
675 3665 798 3725 gerebat,
909 3662 1026 3713 Forsitan
1043 3667 1071 3711 et
1088 3664 1158 3712 lucos
1176 3663 1227 3712 illic
1251 3664 1378 3728 urbesque
1399 3662 1539 3726 domusque

120 3728 214 3780 Stabat
230 3735 257 3778 et
274 3729 446 3792 linctumnus,
463 3730 569 3781 calcatis
583 3731 701 3780 sordidus
715 3733 785 3793 uvis,
909 3732 1047 3794 concipias
1063 3732 1158 3792 animo,
1178 3731 1340 3795 delubraque
1358 3731 1423 3780 ditia
1443 3731 1517 3781 donis

120 3799 155 3849 lit
172 3799 287 3860 glacialis
305 3798 406 3859 Hiems,
425 3812 503 3848 canos
518 3801 617 3849 hirsuta
631 3800 747 3862 capillos.
849 3804 883 3849 ³⁰
910 3802 983 3849 iisse.
1020 3802 1073 3850 Per
1093 3801 1200 3850 insidias
1214 3801 1265 3850 iter
1285 3808 1334 3859 εει,
1362 3799 1509 3865 formasque
1532 3796 1656 3851 ferarum.

120 3867 189 3918 lude
207 3867 379 3917 locuuredina
398 3883 483 3916 rerum
503 3870 619 3918 novitate
636 3875 775 3932 paventem
909 3870 998 3933 thue
1017 3870 1083 3918 viam
1104 3876 1205 3927 teneas,
1222 3871 1344 3933 nulloque
1366 3883 1455 3919 errore
1472 3867 1598 3929 traharisq

120 3938 164 3986 Sol
178 3937 257 3986 oculis
272 3937 403 3997 iuuenem,
415 3937 506 4000 quibus
521 3938 632 4001 adspicit
643 3939 737 3997 omnia,
756 3935 836 3995 ridit;
909 3939 963 3987 Per
984 3944 1070 3987 tamen
1089 3937 1193 3987 adversi
1210 3937 1339 4001 gradieris
1359 3952 1456 3987 cornua
1474 3936 1561 3995 Tauri,
1640 3942 1674 3989 80

120 4006 248 4069 Quaeque
262 4007 320 4055 viae
336 4006 381 4054 tibi
396 4012 490 4055 causat
500 4007 560 4071 qnid
574 4008 632 4069 hac,
653 4008 699 4067 ait,
708 4020 770 4055 arce
786 4005 886 4069 peristi,
909 4006 1120 4071 Haemoniosque
1136 4020 1221 4067 arcus,
1240 4007 1398 4070 violentique
1416 4019 1463 4055 ora
1484 4004 1588 4067 honis,

120 4074 273 4135 Progenies,
286 4074 434 4135 Phaethon,
450 4076 520 4124 haud
536 4075 672 4125 infitianda
693 4075 817 4138 parentii
910 4076 1045 4139 Saevaque
1064 4075 1172 4123 circuitu
1192 4081 1343 4123 curvantem
1366 4076 1471 4124 brachia
1488 4074 1564 4136 longo

122 4142 172 4191 ille
184 4141 279 4192 refert:
296 4144 321 4193 0
338 4144 383 4192 lua
397 4145 514 4195 immensi
529 4146 632 4208 publica
649 4143 747 4203 mundi,
851 4147 884 4192 th
909 4144 1044 4207 Scorpion,
1063 4149 1141 4206 atquc
1161 4144 1237 4191 aliter
1249 4150 1401 4192 curvantem
1415 4143 1518 4193 brachia
1536 4140 1675 4192 Cancrum.

120 4210 228 4259 Phoebe
240 4216 325 4273 pater,
341 4214 362 4261 si
374 4212 421 4262 das
438 4215 512 4262 huius
527 4215 589 4262 mihi
605 4215 715 4263 nominis
733 4226 816 4272 usum,
910 4213 967 4262 Nec
987 4213 1032 4261 tibi
1048 4211 1232 4276 quadrupedes
1251 4213 1378 4262 animosos
1398 4213 1498 4273 ignibus
1516 4211 1575 4269 iliis,

120 4278 179 4329 Nec
191 4277 257 4329 falsa
270 4280 395 4343 Clymene
410 4285 511 4344 culpam
529 4285 576 4333 sub
590 4284 702 4347 imagine
717 4283 802 4340 celat;
910 4283 982 4332 eros
991 4282 1015 4329 in
1025 4281 1244 4343 pectorehabent,
1253 4296 1367 4345 quosore
1377 4288 1405 4330 et
1414 4280 1517 4331 naribus
1529 4278 1628 4340 efflant,
1642 4285 1675 4328 8⁵

121 4346 235 4409 Pignora
252 4348 296 4410 da,
315 4350 426 4411 genitor,
443 4366 490 4414 per
503 4366 569 4415 quae
592 4357 636 4402 tua
648 4366 712 4400 vera
728 4364 844 4415 propago
910 4350 1077 4412 inpromptu
1100 4364 1192 4410 regere
1207 4356 1256 4399 εει.
1281 4349 1332 4398 Vix
1347 4365 1388 4400 me
1404 4352 1547 4414 patiuntur,
1560 4357 1589 4397 ut
1601 4364 1676 4398 acres

122 4414 239 4477 Credas,
256 4422 284 4465 et
302 4419 370 4466 hunc
383 4420 473 4469 animis
490 4434 603 4470 errorem
621 4420 731 4470 detrahe
748 4419 850 4468 rrostris.
910 4419 1048 4468 incaluere
1067 4419 1157 4479 animi,
1173 4419 1313 4484 cervixque
1332 4424 1462 4483 repugnat
1480 4419 1597 4467 habenis.

123 4483 241 4533 Dixerat.
260 4486 298 4535 Αι
310 4488 412 4548 genitor
423 4489 518 4537 circum
529 4496 608 4553 caput
623 4504 700 4537 omne
713 4488 839 4537 micantes
852 4490 885 4536 tu
911 4488 949 4537 As
964 4492 1003 4549 tu,
1016 4485 1113 4536 funesti
1126 4501 1159 4536 ue
1177 4490 1225 4537 sim
1244 4488 1289 4537 tibi
1307 4489 1418 4538 muneris
1435 4494 1536 4547 auctor,

122 4552 251 4617 Deposuit
269 4553 364 4615 radios,
386 4557 542 4620 propiusque
557 4559 683 4608 accedere
697 4557 787 4614 iussit;
911 4557 990 4615 Nate,
1004 4571 1088 4616 cave;
1109 4555 1171 4604 dum
1191 4572 1283 4620 resque
1299 4558 1369 4617 sinit,
1389 4562 1433 4605 tna
1452 4554 1552 4617 corrige
1571 4562 1640 4604 vota.

124 4620 305 4686 Amplexuque
322 4622 394 4683 datu,
411 4625 467 4674 Nec
481 4630 510 4674 tu
529 4640 600 4675 meus
619 4639 676 4674 esse
691 4625 782 4686 negari
910 4625 1026 4687 Scilicet,
1043 4630 1071 4673 ut
1087 4631 1174 4674 nostro
1191 4626 1306 4687 genitum
1322 4632 1348 4673 te
1364 4623 1488 4687 sanguine
1505 4623 1606 4680 credas,
1641 4630 1676 4674 uu

122 4690 222 4751 Dignus
239 4705 277 4749 εε,
294 4697 321 4740 ει
339 4692 464 4755 Clymene
482 4709 567 4754 verus,
588 4695 633 4754 ait,
649 4694 731 4743 edidit
747 4700 832 4742 ortus:
910 4694 1023 4754 Pignora
1041 4699 1114 4742 certa
1130 4694 1215 4757 petis;
1235 4694 1268 4743 sio
1291 4694 1398 4757 pignora
1414 4699 1487 4742 certa
1506 4693 1630 4750 timendo,

122 4759 232 4822 Quoque
243 4754 326 4807 miuhe
338 4760 452 4826 dubites,
460 4763 569 4825 quodvis
583 4770 645 4825 pete
657 4777 757 4822 munus,
773 4760 886 4822 utillud,
911 4762 946 4810 Et
962 4763 1047 4825 patrio
1061 4767 1138 4825 pater
1157 4776 1214 4811 esse
1229 4769 1300 4812 metu
1317 4764 1420 4825 probor.
1440 4758 1555 4822 Adspice
1572 4763 1657 4810 vultus

122 4828 168 4877 hie
188 4827 330 4887 tribuente,
347 4826 425 4879 teras.
461 4832 598 4881 Promissis
616 4832 691 4880 testis
709 4830 801 4879 adesto
852 4832 886 4879 tt
911 4831 990 4888 Ecce,
1008 4845 1094 4891 mcos3
1110 4830 1259 4896 utinamque
1278 4831 1365 4881 oculos
1381 4832 1406 4879 in
1427 4835 1533 4893 pectora
1551 4845 1640 4893 posses

75 4910 79 4917 ·
122 4896 169 4947 Dis
186 4897 296 4946 iuranda
314 4898 400 4960 palus,
418 4901 497 4949 oculis
516 4901 647 4964 incognita
664 4900 768 4949 nostris.
911 4899 1044 4959 inserere,
1060 4904 1088 4949 ει
1102 4899 1200 4963 patrias
1218 4899 1287 4949 lutus
1302 4897 1467 4963 deprendere
1485 4896 1573 4947 curas!
1631 4898 1674 4965 [95

127 4964 175 5015 lla
193 4967 260 5014 bene
280 4965 410 5024 desierat;
429 4981 519 5016 currus
537 4975 611 5031 rogat
625 4971 668 5017 ilie
685 4974 818 5031 paternos,
912 4969 1030 5032 Denique
1039 4967 1164 5032 quidquid
1176 4968 1254 5017 habet
1268 4967 1353 5031 dives,
1365 4967 1542 5028 circumspice,
1556 4968 1676 5026 mundus,

155 5048 206 5088 ‘tue
224 5036 294 5085 diem
307 5034 438 5098 alipedum
459 5037 498 5084 ins
518 5043 545 5087 et
567 5038 734 5088 moderamen
754 5050 885 5100 equorum.
912 5037 985 5101 Eque
1001 5042 1040 5086 tot
1060 5036 1187 5085 uetantia
1203 5038 1279 5097 coeli,
1294 5043 1441 5103 terraeque,
1461 5037 1610 5100 marisque,

187 5154 227 5203 iu.
241 5156 272 5213 ll,
284 5155 375 5202 mill
386 5167 443 5200 rora
457 5156 506 5200 cod.
1292 5214 1352 5280 m
