3586 5498
161 218 236 290 24ss
490 242 528 290 st.
554 240 726 290 anunm
751 241 917 291 nuchul
942 204 1221 293 aususausus
1245 245 1323 292 uta
1351 248 1383 295 Χ.
1470 231 1474 241 ’

580 410 842 490 LIBER
890 411 1287 494 DECIMUS.

164 613 328 679 [ltprimum
346 618 429 664 terras
447 612 564 675 Pompeii
582 612 647 661 oolla
665 619 769 663 secutus
950 612 1006 661 lam
1025 612 1160 664 Pelusiaco
1178 614 1286 664 seuleus
1302 629 1319 664 a
1335 616 1442 681 gurgite
1460 617 1525 671 runt

163 684 268 747 Attigit,
283 672 313 733 'ct
330 683 399 734 diras
416 685 527 733 calcavit
546 682 643 731 Caesar
660 697 763 745 arenas,
952 683 1009 731 ltex
1026 696 1102 746 puer,
1120 684 1230 733 isabellis
1248 685 1335 749 populi
1354 688 1507 738 sedaverat
1528 691 1599 758 iras,

162 755 293 817 Puguavit
310 753 414 804 fortuna
431 752 513 813 ducis,
532 750 664 816 fatumque
683 752 800 801 nocentis
950 752 1050 802 Obside
1067 767 1117 816 quo
1133 754 1204 817 pacis
1222 754 1329 804 Pellaea
1346 763 1420 805 tutus
1447 757 1476 807 in
1499 763 1571 810 anta

162 823 286 887 Aegypti,
304 838 411 887 regnum
431 823 491 883 Lagi
510 822 624 869 Romana
644 823 689 870 sub
708 837 780 870 arma
950 822 1048 870 Caesar
1060 830 1127 885 erat,
1142 838 1219 887 quum
1236 839 1264 872 se
1277 839 1357 886 parra
1368 826 1527 890 Cleopatra
1542 831 1659 899 biremi,
1710 845 1739 888 ss

160 893 226 955 Iret,
249 909 282 942 au
301 894 415 956 eriperet
433 891 528 940 mundo
546 891 728 953 Memphiticus
754 891 822 940 ensis
907 895 921 939 l
949 890 1077 954 Corrupto
1095 893 1203 941 custode
1222 893 1301 943 Pbari
1320 896 1412 943 laxare
1431 902 1568 963 catenas,

162 963 283 1024 Victoris,
302 964 413 1026 victique
432 969 526 1023 caput:
547 968 591 1008 tua
609 960 706 1023 profuit
724 963 824 1023 umbra,
950 961 1041 1009 Intulit
1061 961 1194 1023 Emathiis,
1218 963 1306 1025 ignaro
1324 964 1452 1027 Caesare,
1482 972 1589 1021 tectis:

159 1033 268 1095 Magne,
284 1033 320 1080 tui
335 1046 450 1080 socerum
467 1045 577 1092 rapuere
597 1045 612 1078 a
631 1032 754 1092 sanguiue
771 1044 869 1080 manes.
950 1030 1069 1079 Dedecus
1089 1030 1212 1095 Aegypti,
1234 1033 1298 1081 Latii
1316 1032 1405 1082 feralis
1425 1035 1567 1102 Erinnys,

160 1103 228 1151 Inde
244 1096 424 1150 Paiaetoniam
448 1098 530 1147 fertur
545 1114 649 1148 securus
668 1101 692 1147 iu
710 1103 798 1148 urbem
950 1101 1065 1148 ltomauo
1079 1116 1128 1148 nou
1142 1106 1214 1150 casta
1230 1103 1311 1164 malo;
1327 1110 1458 1167 quantum
1475 1107 1597 1171 impulit
1609 1113 1711 1180 Argus,

159 1171 272 1234 Pignore
283 1180 335 1219 tam
347 1171 417 1219 saevi
435 1170 548 1231 sceleris,
565 1184 610 1218 sua
626 1172 698 1230 signa
712 1176 824 1218 secutus.
949 1169 1094 1233 Iliacasque
1112 1170 1203 1223 domos
1226 1168 1293 1220 facie
1306 1173 1438 1235 Spartana
1454 1181 1590 1243 nocenti,
1711 1191 1740 1235 ss

159 1240 212 1291 Sed
231 1240 334 1289 fremitu
351 1240 418 1301 uulgi
435 1238 526 1300 fasces,
548 1240 641 1287 etiura
656 1240 786 1302 querentis
890 1241 921 1286 10
949 1239 1092 1302 Hesperios
1107 1241 1181 1288 auxit
1197 1247 1296 1291 tantum
1313 1242 1460 1306 Cleopatra
1484 1246 1614 1301 summ,

161 1309 258 1361 Inferri
276 1311 391 1359 Romana
410 1310 470 1370 suis,
498 1308 627 1357 discordia
645 1309 725 1358 sensit
946 1309 1049 1357 Terruit
1071 1310 1113 1358 illa
1128 1325 1182 1369 suo,
1197 1310 1217 1358 si
1235 1309 1283 1372 fas,
1302 1311 1431 1374 Capitolia
1448 1315 1549 1383 sistro,

159 1381 280 1440 Pectora,
293 1387 320 1429 et
332 1380 458 1441 ancipites
472 1379 578 1438 animos,
599 1379 775 1442 Magnumque
788 1377 886 1439 perissa
948 1378 983 1426 Et
1002 1379 1118 1426 Romana
1136 1381 1202 1442 petit
1221 1380 1316 1428 imbelli
1334 1383 1408 1445 sigua
1427 1384 1568 1453 Canopo,

159 1451 218 1500 Nou
238 1450 303 1508 sibi3
320 1456 373 1497 tum
387 1451 458 1496 uultu
472 1463 574 1510 semper
588 1450 690 1495 celante
705 1462 824 1510 pavores,
947 1447 1061 1496 Caesare
1078 1450 1180 1510 captivo
1197 1449 1305 1499 Pharios
1321 1449 1435 1502 ductura
1454 1458 1643 1523 triumphum

159 1518 309 1581 Intrepidus
320 1532 441 1580 superum
458 1517 544 1578 sedes,
557 1523 584 1564 et
599 1519 696 1579 templa
712 1517 806 1565 vetusti
947 1516 1125 1581 Leucadioque
1144 1516 1192 1566 fuit
1210 1517 1301 1567 dubius
1319 1521 1365 1569 sub
1384 1526 1501 1588 gurgite
1521 1543 1623 1594 cesus,
1710 1536 1736 1582 bt

159 1589 287 1649 Numinis,
302 1589 419 1651 antiquas
435 1587 564 1635 Macetum
585 1587 707 1635 testantia
723 1587 801 1649 vires,
888 1588 919 1635 lb
948 1587 989 1634 An
1009 1587 1132 1635 muudum
1146 1603 1179 1635 ne
1191 1596 1278 1638 nostra
1290 1590 1395 1653 quidem
1412 1601 1553 1647 matrona
1569 1608 1693 1652 teneret.

160 1659 269 1719 Circuit,
284 1665 312 1706 et
329 1660 398 1705 nulla
412 1665 502 1718 captus
519 1655 657 1705 dulcedine
673 1671 768 1717 rerum,
947 1656 1005 1704 Hoc
1020 1657 1097 1704 ursimi
1110 1673 1161 1706 uox
1174 1659 1218 1705 illa
1232 1658 1314 1718 dedit,
1328 1674 1397 1723 quae
1417 1665 1516 1725 prima
1537 1671 1631 1722 cubili

160 1728 219 1777 Non
237 1742 308 1787 auro,
319 1728 441 1789 cultuque
459 1726 546 1785 deum,
559 1740 608 1773 non
625 1727 757 1774 moenibus
773 1724 851 1787 urbis,
947 1726 1050 1775 Miscuit
1067 1727 1191 1775 incestam
1207 1727 1313 1776 ducibus
1325 1729 1505 1785 Ptolemaida
1525 1744 1648 1791 nostris.

159 1796 286 1847 Effossum
306 1797 407 1843 tumulis
423 1795 515 1856 cupide
531 1794 667 1844 descendit
687 1797 712 1842 in
725 1802 837 1843 antrum.
946 1795 1009 1845 (iuis
1023 1796 1068 1843 tibi
1082 1797 1172 1844 vesani
1186 1798 1288 1846 veniam
1303 1812 1353 1846 non
1366 1798 1456 1852 donet
1471 1809 1593 1871 amoris,

159 1866 218 1916 Illic
236 1866 335 1915 Pellaei
352 1868 438 1928 proles
458 1879 552 1913 vesana
571 1865 693 1926 Philippi,
946 1866 1055 1926 Antoni,
1069 1865 1160 1914 durum
1177 1881 1254 1930 quum
1266 1867 1385 1918 Caesaris
1399 1871 1535 1926 hauserit
1556 1881 1641 1942 ignes
1705 1883 1732 1930 tt

158 1936 233 1987 Palis
252 1934 358 1999 praedo,
374 1935 452 1995 iacet,
473 1940 598 1983 terrarum
614 1935 716 1983 uindice
734 1932 788 1982 fato
887 1935 919 1981 20
947 1934 1051 1996 Pectus,
1065 1940 1092 1983 et
1110 1935 1134 1983 in
1152 1934 1239 1984 media
1261 1937 1332 1985 rabie
1348 1939 1500 2008 medioque
1532 1946 1645 2014 furum,

159 2007 275 2073 Raptus:
294 2005 400 2054 sacrans
415 2012 495 2052 totum
513 2001 658 2068 spargenda
679 2018 727 2067 per
744 2003 832 2051 orbern
947 2004 979 2052 Et
998 2003 1161 2066 Pompeianis
1180 2004 1295 2056 habitata
1314 2009 1437 2059 manibus
1456 2015 1540 2080 aula,

158 2075 278 2125 Membra
295 2075 341 2123 viri
355 2088 465 2137 posuere
483 2073 582 2136 adytis:
602 2076 716 2122 Fortuna
734 2072 852 2135 peperclt
945 2074 1076 2134 Sanguine
1088 2075 1252 2124 Thessalicae
1276 2076 1357 2126 cladis
1375 2079 1512 2142 perinsus
1527 2087 1646 2141 adulter

155 2145 288 2206 Manibus,
307 2151 334 2193 et
352 2145 424 2207 regui
444 2142 548 2193 duravit
566 2144 599 2192 ad
620 2143 708 2191 ultima
727 2141 818 2191 fatum.
945 2143 1059 2192 Admisit
1075 2144 1205 2193 Venerem
1220 2144 1295 2207 curis,
1314 2153 1342 2196 et
1360 2149 1471 2201 miscuit
1490 2159 1586 2208 armis

156 2215 224 2266 Nam
244 2215 290 2264 sibi
309 2215 426 2263 Libertas
444 2228 557 2276 unquam
584 2213 605 2262 si
624 2213 748 2262 redderet
768 2213 867 2275 orbem,
945 2213 1103 2277 lllicitosque
1119 2221 1196 2273 toros,
1211 2221 1299 2263 etuou
1316 2231 1349 2264 cx
1364 2219 1484 2285 coniuge
1503 2233 1628 2288 parem
1699 2233 1727 2278 η

156 2284 279 2335 Ludibrio
298 2291 415 2333 servatus
434 2292 499 2343 erat,
520 2298 569 2331 non
590 2284 652 2331 utile
672 2280 767 2331 mundo
884 2284 917 2330 2³
944 2283 1013 2331 Proh
1030 2281 1126 2345 pudor!
1144 2284 1238 2332 oblitus
1256 2285 1355 2348 Magni,
1370 2287 1431 2352 tibi,
1453 2290 1544 2356 Iulia,
1566 2297 1669 2349 fnum

155 2354 249 2405 Editus
271 2356 427 2416 exemplum,
449 2361 530 2400 terras
548 2359 586 2401 tot
605 2367 679 2414 posse
699 2352 745 2401 sub
765 2366 815 2399 uno
945 2353 1083 2401 Obscaeua
1099 2353 1133 2402 de
1148 2362 1230 2403 matre
1253 2353 1336 2416 dedit,
1360 2367 1520 2426 partesque
1536 2364 1652 2432 ἥρω

155 2424 219 2474 Esse
234 2424 298 2474 viro.
334 2424 465 2472 Macetum
480 2423 555 2483 lines,
567 2423 730 2486 latebrasque
745 2435 848 2470 suorum
944 2423 1040 2471 Passus
1058 2423 1082 2470 in
1103 2425 1226 2473 extremis
1242 2424 1339 2487 Libyae
1357 2430 1523 2484 coalescere
1547 2440 1653 2502 regaie,

155 2495 289 2556 Deseruit,
317 2495 448 2556 victasque
467 2493 536 2554 patri
554 2492 674 2554 despexit
692 2491 820 2550 Athenas,
943 2493 1072 2554 Tempora
1092 2493 1192 2541 Niliaco
1209 2494 1291 2557 turpis
1310 2493 1444 2558 dependit
1463 2506 1572 2570 amori,

155 2563 259 2627 Perque
275 2564 355 2612 Asiae
372 2563 489 2624 populos,
504 2560 563 2609 fatis
581 2562 730 2622 urgentibus
747 2567 829 2621 actus,
945 2562 1011 2609 Dum
1025 2560 1122 2610 donam
1133 2562 1372 2623 Pharon,dumnon
1384 2568 1569 2625 albiniacum
1584 2581 1726 2629 mmm

156 2633 279 2682 Humana
298 2647 355 2681 cnm
370 2637 455 2691 strage
467 2631 527 2689 ruit,
540 2630 702 2694 gladiumque
716 2644 763 2692 per
777 2643 865 2678 omrses
884 2634 917 2679 30
944 2632 1029 2681 (luem
1043 2629 1141 2680 formae
1161 2632 1257 2681 confisa
1271 2647 1333 2682 suae
1348 2634 1506 2700 Cleopatra
1530 2646 1593 2695 21⁰0
1613 2651 1672 2700 2111,

155 2702 252 2763 Exegit
268 2708 371 2763 gentes:
387 2699 485 2761 ignotos
505 2701 604 2748 miscuit
622 2716 720 2760 amnes,
943 2701 1034 2748 Tristis
1050 2700 1104 2749 adit
1118 2702 1238 2765 lacrimis,
1251 2702 1398 2754 simulatum
1418 2720 1541 2775 compta
1563 2716 1693 2783 norom,

154 2770 293 2820 Persarum
314 2769 473 2831 Euphraten,
494 2767 616 2817 ludorum
636 2769 758 2831 sussguine
773 2770 899 2832 Gangen3
944 2772 1003 2821 Qua
1021 2768 1118 2832 decuit,
1139 2773 1218 2822 veluti
1237 2773 1333 2821 laceros
1351 2771 1484 2838 dispersa
1506 2786 1637 2851 apum,

155 2842 294 2889 Terrarum
308 2837 386 2887 fatale
401 2839 505 2897 malum,
519 2837 675 2902 fulmenque,
692 2839 760 2902 quod
777 2854 866 2888 omues
944 2840 978 2887 Et
996 2840 1031 2887 sic
1045 2854 1104 2889 orsa
1118 2841 1199 2905 loqui:
1217 2842 1308 2906 Siqua
1324 2847 1373 2904 est,
1389 2859 1405 2893 ο
1424 2850 1559 2903 maxime
1573 2857 1686 2923 cam,

154 2909 311 2959 Percuteret
325 2909 422 2971 pariter
433 2908 550 2970 populos,
569 2916 594 2955 et
614 2908 683 2956 sidus
697 2908 809 2970 iniquum
944 2908 1078 2968 Nobilitas,
1097 2910 1184 2959 Pharii
1204 2912 1289 2974 proles
1307 2912 1459 2966 clarissima
1481 2919 1567 2987 ¹⁴85,
1698 2929 1722 2974 sy

155 2979 293 3029 Gentibus.
313 2978 420 3028 Oceano
439 2979 533 3026 classes
552 2976 648 3025 inferre
668 2978 778 3039 parabat
883 2982 915 3027 bl
944 2978 1033 3039 Exsul,
1049 2980 1073 3027 in
1087 2988 1221 3028 aeternum
1236 2981 1344 3044 sceptris
1356 2981 1481 3047 depulsa
1498 2997 1642 3061 paternis,

152 3049 290 3097 Exteriore
302 3048 382 3095 mari:
399 3063 448 3094 ison
464 3047 500 3094 illi
517 3047 630 3109 flairima,
641 3062 689 3094 nec
704 3047 799 3107 undae,
943 3049 969 3095 Si
989 3055 1033 3095 tua
1052 3050 1171 3098 restituat
1189 3051 1270 3098 veteri
1289 3065 1330 3100 me
1348 3051 1473 3106 dextera
1493 3058 1568 3126 fito,

155 3119 212 3168 Nec
231 3119 326 3166 sterilis
343 3117 433 3180 Libye,
461 3131 509 3163 nec
528 3117 643 3179 Syrticus
663 3117 762 3165 obstitit
777 3117 916 3167 Hammon.
943 3118 1107 3179 Complector
1120 3121 1211 3181 regina
1225 3119 1324 3183 pedes3
1347 3128 1374 3169 tu
1392 3129 1534 3186 gentibus
1550 3150 1669 3200 aequa.

152 3188 222 3238 Isset
234 3189 259 3236 in
274 3202 402 3246 occasum,
430 3185 517 3234 mundi
536 3185 637 3234 devexa
655 3194 768 3246 secutus,
942 3185 1019 3235 Sidus
1038 3188 1101 3236 ades
1119 3191 1227 3239 nostris:
1247 3204 1296 3238 non
1316 3191 1395 3240 urbes
1414 3197 1515 3256 prim.
1537 3208 1642 3257 temp„

153 3257 335 3322 Ambissetque
351 3259 433 3318 polos,
451 3255 618 3319 Nilumquea
637 3255 708 3304 fonte
722 3256 846 3305 bibisset:
942 3257 1049 3304 Femina
1070 3258 1195 3308 Niliacas:
1224 3261 1293 3307 nullo
1316 3258 1480 3317 discrimine
1500 3286 1591 3323 sexus
1695 3276 1720 3322 Ι

154 3328 276 3376 Occurrit
292 3341 414 3389 suprema
427 3325 492 3385 dies,
507 3326 657 3390 haturuque
679 3327 759 3375 solum
881 3328 915 3374 40
942 3326 1068 3387 Reginam
1087 3329 1135 3376 scit
1149 3326 1344 3389 ferrePharos;
1368 3331 1432 3394 lege
1452 3351 1570 3392 sumina
1589 3343 1709 3409 perempti

152 3397 230 3445 Hunc
249 3397 329 3460 potuit
349 3396 426 3444 finem
445 3410 539 3444 vesauo
558 3411 656 3459 ponere
674 3396 738 3457 regi,
942 3396 1029 3443 Verba
1046 3399 1137 3458 patris,
1153 3398 1195 3462 qui
1214 3399 1269 3447 iura
1283 3399 1342 3446 mihi
1359 3410 1526 3459 communia
1543 3416 1637 3477 regni,

152 3468 204 3517 Qui
219 3482 303 3515 secum
318 3466 421 3525 inuidia,
433 3481 482 3528 qua
500 3472 580 3513 toturn
598 3473 705 3528 ceperat
721 3466 819 3527 orbern,
942 3465 975 3513 Et
989 3466 1113 3514 thalamos
1125 3481 1182 3515 cum
1197 3466 1278 3517 fratte
1289 3467 1373 3517 dedit.
1393 3470 1477 3524 Puer
1494 3479 1560 3544 ipse
1576 3500 1696 3544 aeroma,

153 3535 269 3585 Abstulit
287 3536 432 3598 imperium,
454 3537 573 3598 nulloque
594 3535 691 3583 herede
710 3537 799 3584 relicto
941 3535 1156 3596 Sitmodoliber,
1171 3544 1256 3586 amat:
1281 3537 1327 3587 sed
1348 3538 1436 3591 babet
1460 3551 1517 3598 sub
1540 3553 1605 3605 tm
1635 3548 1717 3605 pffi'

151 3607 240 3654 Totins
258 3604 314 3665 fati,
333 3604 483 3652 lacerandas
501 3605 619 3665 praebuit
641 3605 724 3653 urbes.
941 3602 1069 3666 Affectus,
1088 3620 1214 3669 ensesque
1233 3621 1299 3656 suos.
1319 3607 1363 3656 Nil
1383 3609 1447 3671 ipsa
1470 3625 1593 3681 paterni
1695 3624 1716 3672 Ι

152 3674 204 3722 Sed
219 3674 313 3723 cecidit
328 3670 462 3735 Babylone
476 3688 531 3732 sua,
549 3673 697 3736 Parthoque
718 3670 861 3720 verendus:
880 3675 913 3720 db
941 3671 1017 3735 luris,
1036 3676 1071 3722 nil
1091 3682 1195 3737 repeto:
1215 3678 1300 3740 culpa,
1318 3681 1456 3744 tantoque
1484 3692 1601 3750 pudore

151 3744 221 3793 Proh
240 3743 336 3807 pudor!
359 3743 405 3791 Eoi
423 3743 528 3804 propius
547 3743 657 3791 timuere
676 3744 791 3800 sarissas,
939 3743 1016 3791 Solve
1035 3743 1154 3805 domum,
1173 3761 1277 3795 remove
1295 3744 1401 3797 funesta
1422 3760 1566 3813 satellitis
1585 3780 1670 3828 arua,

151 3815 235 3865 Quam
253 3829 319 3862 nunc
332 3813 383 3875 pila
398 3814 491 3861 timent
500 3813 604 3873 populi:
620 3813 679 3860 licet
690 3826 768 3875 usqne
779 3810 914 3860 snbArcto
940 3812 974 3860 Et
992 3828 1079 3875 regem
1097 3829 1207 3876 regnare
1226 3814 1301 3864 iube!
1324 3824 1489 3879 quantusue
1508 3837 1639 3887 ennom

152 3883 309 3945 Regsremus,
327 3882 491 3946 Zephyrique
506 3881 603 3941 domos,
623 3889 756 3944 terrasque
766 3895 913 3943 premamus
941 3881 1031 3931 Mente
1047 3884 1114 3945 gerit
1130 3884 1250 3944 famulus,
1268 3885 1358 3947 Magni
1377 3894 1498 3947 cervice
1520 3903 1651 3957 mm!

151 3953 299 4013 Flagrantis
315 3961 373 4014 post
387 3959 460 4013 terga
475 3951 545 4010 Noti,
565 3951 687 4000 cedemus
702 3952 726 3998 in
744 3957 814 3998 ortus
940 3950 995 3999 lam
1011 3954 1066 4010 tibi,
1081 3952 1126 4001 sed
1140 3955 1227 4016 procul
1244 3955 1291 4002 hoc
1308 3962 1441 4011 avertant
1457 3963 1534 4032 surg„
1550 3968 1714 4026 niumm

151 4021 305 4072 Arsacidum
320 4022 438 4070 domino:
456 4036 505 4069 non
520 4020 581 4069 felix
597 4021 702 4069 Parthia
719 4021 826 4082 Crassis,
879 4025 912 4069 bo
940 4022 987 4069 Sat
1004 4019 1325 4084 fuitindignum,Caesar,
1343 4030 1514 4100 mundoque
1533 4044 1653 4111 ,ibim

151 4091 268 4156 Exiguae
284 4106 375 4140 secura
393 4089 441 4139 fuit
460 4092 591 4154 provincia
609 4091 709 4140 Pellae.
939 4091 1091 4155 Pompeium
1113 4092 1214 4141 fabinus
1231 4095 1408 4159 meritumque
1434 4101 1530 4159 fuisse
1549 4114 1669 4166 Pothini.

207 4242 257 4284 le.
270 4241 298 4294 li,
311 4242 324 4284 Ι
339 4253 389 4295 sqq.
402 4240 498 4284 Caesari
512 4241 595 4283 similis
609 4241 685 4282 exitus
701 4253 768 4294 quam
785 4240 893 4295 Pompelo
907 4241 935 4283 ab
950 4240 1084 4296 Aegyptios.
1099 4241 1198 4296 perfidia
1213 4243 1356 4296 parabatur,
1378 4248 1433 4295 alal
1451 4254 1481 4300 la
1498 4259 1566 4308 mr.
1589 4264 1671 4310 ’,Η
1697 4260 1714 4299 a

149 4297 185 4340 illi
201 4311 242 4352 pro
258 4303 322 4339 tanto
336 4297 433 4346 scelere,
447 4303 558 4349 qnantum
570 4297 676 4350 Pompeio
692 4295 854 4338 interficiendo
869 4296 1019 4349 admiserant,
1034 4310 1118 4350 poenas
1134 4299 1343 4352 luereuttjtaque,
1358 4307 1388 4344 ut
1405 4304 1458 4353 ho„
1474 4320 1554 4369 quq
1589 4292 1712 4366 mimi-3

79 4357 81 4360 “
149 4353 251 4401 diuinas,
265 4352 302 4393 oni
319 4352 371 4393 l’oru
382 4352 420 4393 seii
435 4363 484 4392 sors
499 4364 568 4393 serrae
585 4354 703 4399 maximae,
717 4364 744 4392 ex
760 4359 839 4392 mente
853 4350 945 4404 quidem
959 4351 1052 4403 lrtreani,
1067 4352 1166 4394 debehat
1180 4366 1238 4403 esse,
1253 4354 1377 4399 consilium
1396 4373 1433 4406 ι,
1450 4374 1539 4417 ωοί
1582 4374 1713 4427 ,mm

148 4409 277 4451 ”mundns
292 4413 357 4455 erat;
389 4420 415 4449 ue
430 4407 494 4448 modo
510 4408 631 4460 Pompeius
645 4409 715 4449 ctiam
732 4414 836 4448 mirrtuus
853 4406 988 4449 adversario
1004 4408 1121 4463 proderat,
1135 4408 1244 4462 illiusque
1259 4421 1337 4452 manes
1353 4424 1367 4453 e
1382 4420 1470 4464 caede
1487 4425 1565 4475 ittu-
1593 4429 1710 4489 tripart!

149 4464 356 4508 Postllibrariur
371 4462 456 4516 aliquis
470 4462 592 4504 addiderat
607 4461 667 4504 hisne
682 4475 786 4504 versum:
803 4462 839 4503 lte
855 4461 954 4516 populus
970 4469 1022 4515 post
1040 4468 1064 4503 te
1081 4462 1161 4504 msam
1177 4462 1421 4514 RomanasAaLens
1450 4480 1507 4527 (th
1532 4495 1647 4532 m,
1662 4477 1712 4529 *a

148 4527 174 4562 et
188 4521 221 4565 (l.)
236 4519 271 4561 Cf.
287 4517 374 4559 Weber
390 4516 419 4568 ll,
433 4517 470 4559 bhl
488 4529 521 4570 sq.
574 4517 726 4559 tharuetou.
742 4517 791 4559 urb,
806 4515 977 4558 Alexandriam.
991 4517 1111 4570 Gonirrcge
1126 4530 1222 4560 securus
1238 4517 1334 4572 pignore
1349 4526 1420 4569 unci
1438 4535 1504 4579 my·
1547 4541 1579 4585 η
1592 4556 1619 4598 q
1639 4515 1711 4587 ’nm

150 4584 255 4618 mortuus
271 4571 424 4615 fatosindiee
440 4573 616 4624 terrar.(qnnm
632 4571 834 4614 fatsrsuvindicour
851 4578 976 4613 terraneo
992 4572 1100 4620 fecisset).
1128 4574 1155 4614 23
1171 4573 1237 4627 regni
1254 4573 1335 4624 fatum,
1350 4577 1433 4626 videl,
1458 4596 1541 4647 m„
1556 4573 1710 4646 ‘enam'

148 4631 283 4684 palenque
299 4641 343 4670 uon
359 4627 860 4681 liceteis,tyrannor.cineresperauraru
876 4626 1157 4680 dispergere‚‹turos.sd
1173 4629 1311 4675 ntrlmmta
1335 4636 1363 4674 ut
1388 4635 1525 4691 intactas.
1552 4652 1624 4696 mm
1646 4651 1709 4694 -5

96 4706 105 4716 .
148 4684 347 4727 davermaoeret.
376 4684 402 4725 so
419 4682 539 4723 lmmnom'
553 4682 591 4722 rel
608 4682 723 4723 laumense
739 4696 758 4725 e.
771 4688 851 4735 strage
866 4682 892 4723 ll.
920 4683 946 4723 :li
962 4681 1073 4734 Syrtibus
1087 4681 1151 4724 codd.
1169 4682 1214 4724 duo
1228 4684 1351 4736 antiquiss.
1364 4686 1411 4734 Sit
1430 4696 1505 4745 (χο,
1522 4705 1708 4759 ΜΝ*

149 4738 198 4781 dus.
218 4740 266 4781 Non
283 4738 392 4792 syrtibus
408 4744 497 4779 tutatus
511 4743 547 4778 est
562 4749 612 4778 sese
628 4736 748 4789 llummou,
762 4737 883 4790 qrtomiuns
899 4736 1030 4778 Alesauder
1045 4736 1073 4777 ad
1088 4738 1163 4791 ipsum
1179 4745 1322 4792 penetraret.
1366 4745 1399 4789 ss
1417 4763 1456 4806 η,
1472 4756 1542 4802 Mu
1565 4763 1629 4807 dm
1641 4756 1707 4806 Ν

147 4793 218 4836 alium
235 4806 301 4847 qurum
317 4806 341 4835 ss
356 4794 405 4835 orbi
421 4792 537 4846 imperare
552 4805 595 4833 noo
611 4804 690 4846 passura
705 4799 750 4839 est,
766 4793 799 4834 ita
815 4794 915 4834 inoriens
929 4803 1020 4846 quoqne
1035 4792 1074 4832 nui
1091 4805 1134 4833 non
1151 4793 1248 4846 reliquit
1263 4794 1412 4856 imperium,
1439 4810 1518 4857 velus
1535 4791 1706 4861 {⁵1va

148 4855 236 4891 tantam
256 4847 382 4901 magnitud.
397 4849 463 4890 (leot.
504 4849 530 4889 ll
545 4846 628 4887 'l'otins
640 4849 709 4898 susti
722 4848 818 4888 'l'riller
833 4861 852 4889 c.
900 4847 926 4889 to
940 4860 989 4899 sqq.
1003 4845 1048 4888 b'esl
1065 4846 1105 4886 ille
1122 4855 1198 4890 tamen
1214 4848 1307 4890 Parthis
1324 4862 1354 4892 ve
1406 4859 1455 4905 dua
1473 4866 1502 4909 Ιι
1518 4882 1567 4913 ano
1581 4869 1705 4916 duih*

148 4903 225 4946 didit:
241 4916 288 4951 nos,
304 4912 388 4944 terror.
403 4909 453 4957 post
468 4902 533 4944 illum
549 4902 657 4952 victores,
679 4902 777 4943 Parthas
794 4903 876 4943 timere
891 4902 1002 4954 cogimur.
1049 4902 1238 4956 sesquiannus
1253 4905 1367 4949 Macedon
1417 4919 1497 4971 ‚pn-
1515 4923 1536 4968 n
1653 4921 1704 4967 ω.

145 4961 175 5004 49
189 4964 245 4999 ortu
259 4959 283 4997 ll.
298 4970 311 4998 c
326 4957 391 4999 desub.
405 4958 468 4999 codd.
484 4959 519 4999 Al.
534 4957 565 4996 ort
580 4963 652 4998 ortus.
710 4958 735 4998 51
754 4956 861 4998 Emathia
878 4964 947 5008 tecta,
962 4956 1109 5005 Alexandria,
1123 4959 1151 4999 ab
1167 4959 1296 5000 Alexandro
1321 4960 1465 5016 Maean„
1481 4978 1620 5033 (nuum
1631 4956 1704 5025 'dg

138 5016 181 5059 ste
196 5014 264 5056 Geor.
281 5012 330 5055 Alii
346 5014 440 5055 victoris
456 5011 566 5060 ttssrarhn,
580 5013 687 5053 Caesaris
704 5012 898 5064 iusterprotantur.
940 5012 966 5052 bl
982 5011 1041 5063 petit
1057 5013 1114 5065 pntf.
1157 5016 1184 5055 ts
1200 5015 1233 5054 Au
1250 5015 1359 5058 mrsuduu
1378 5034 1431 5068 ιο.
1448 5031 1494 5073 γῇ,
1517 5036 1563 5080 „⁴
1578 5030 1702 5082 mys

128 5070 192 5116 laec
208 5084 239 5113 ne
255 5070 363 5112 flumana
378 5070 481 5123 quidem,
497 5068 537 5112 sed
554 5068 677 5123 rlepyptis,
691 5073 791 5109 teneret.
820 5070 846 5106 titt
864 5066 1027 5107 Ptolemoer'rla
1043 5068 1174 5109 lhermlsl.
1202 5070 1313 5121 teignis.
1342 5074 1408 5118 ltu
1493 5063 1501 5084 ⁸
1692 5079 1702 5090 .

709 5126 713 5134 Ι
885 5123 891 5138 ¹
1072 5123 1080 5132 ,
1394 5081 1515 5144 ἱ(ψοση
1530 5105 1581 5146 esp.
1596 5092 1622 5134 il.
1646 5081 1700 5141 lid!

122 5136 165 5172 tua
183 5129 212 5172 ΙΙ,
227 5142 242 5170 c
259 5126 330 5170 diruti.
350 5127 416 5170 cudit.
434 5129 523 5172 Placet.
573 5127 601 5168 tlt
616 5125 721 5167 tholumr.
738 5123 782 5165 hlt.
794 5120 823 5163 ll.
835 5131 859 5164 ut
874 5123 900 5162 t..
914 5136 927 5161 e
942 5120 1005 5163 carelii.
1057 5124 1083 5162 ilo
1097 5136 1225 5176 retrususque
1239 5137 1292 5165 suros
1308 5126 1335 5169 ΙΙ.
1351 5129 1454 5179 hassos
1471 5142 1509 5187 id.
1524 5147 1586 5201 (μς,
1600 5154 1623 5189 α
1636 5134 1699 5188 Η

114 5185 184 5243 vulg.
201 5185 270 5231 luris
285 5182 380 5231 dolero
390 5192 459 5243 peto,
474 5197 549 5243 quun
566 5185 630 5230 luiso
646 5184 672 5229 iu
686 5178 793 5240 quibust.
805 5178 871 5224 cudtl.
882 5176 1096 5230 meministine
1109 5180 1178 5233 petit.
1192 5179 1302 5224 ltostrun
1325 5183 1351 5228 tl.
1367 5197 1384 5231 ο
1399 5191 1475 5240 ,ῆι
1536 5202 1579 5246 1„
1593 5198 1698 5244 w
