3586 5498
341 308 374 357 e.
399 309 546 358 orrurr
569 286 753 355 nueours
778 306 1199 356 unrnuoneuosnou
1223 307 1297 354 ssu.
1321 306 1368 355 rr.
1558 283 1631 354 423
1657 356 1690 385 .·--

76 481 134 533 laus
150 496 230 546 super
248 481 370 544 Europen
390 479 503 531 sublimis
522 483 550 529 et
569 477 652 530 Asida
669 484 754 531 terras
865 476 993 529 concordi
1010 476 1101 528 dixere
1119 491 1192 527 sono.
1232 475 1356 526 Convicia
1373 475 1458 526 victae

75 552 174 602 Vastus
191 557 250 601 erat
266 551 384 610 iuuenis,
403 550 523 613 Scytblas
540 548 685 598 advertitur
702 564 770 599 oras.
865 550 951 601 Quam
968 549 1094 607 iacerent,
1108 545 1245 605 Quoniam,
1263 545 1327 605 dixi,
1344 547 1487 595 certamine
1502 546 1631 598 vinnons

76 621 134 670 ilex
151 620 187 669 ibl
205 621 308 683 Lyncus
325 624 392 667 erat.
413 618 492 680 ilegis
509 619 578 667 subit
595 618 638 666 ille
657 622 838 680 permeasse
864 618 1022 680 Supplicium
1043 616 1167 665 meruisse
1176 628 1267 677 purum
1277 620 1327 676 est,
1337 613 1525 680 maledictaque
1538 619 1631 680 culpae

76 691 137 741 Qua
154 689 251 751 ueniat,
269 700 424 750 causamque
442 688 509 745 viae,
527 701 672 750 nomenque
691 694 804 749 rogatus,
866 685 980 746 Addltis,
999 691 1026 734 et
1044 700 1094 733 uon
1115 690 1155 734 est
1173 683 1300 747 patientia
1317 682 1401 732 libera
1417 685 1508 743 nobiae

76 758 110 807 Et
125 758 245 820 patriam,
263 756 354 805 Patria
367 761 407 805 est
415 756 502 804 clarae
518 755 587 813 mibi,
606 755 681 815 dixit,
701 757 839 816 Athenae;
866 756 963 804 ibimus
981 755 1006 802 in
1026 767 1134 815 poenas,
1151 759 1187 813 et,
1205 767 1257 816 qno
1276 757 1352 801 vocat
1369 751 1417 813 lra,
1435 763 1585 817 sequemur.

75 827 250 889 Triptolemus
268 838 376 873 nomen:
396 824 456 872 seui
474 838 523 872 nec
540 837 629 886 puppe
648 838 696 886 per
714 826 797 875 undas
866 824 963 873 Rudent
983 822 1144 881 Emathides,
1162 827 1340 885 spernuntque
1358 820 1467 870 minacia
1488 824 1581 881 verber

77 895 135 945 Nec
152 893 220 957 pede
238 908 286 957 per
305 900 407 951 terras;
435 893 520 955 patuit
538 893 598 942 mibi
616 894 720 956 persius
738 895 839 943 aetber.
866 893 1034 956 Conataeque
1053 891 1130 954 loqni,
1148 895 1176 938 et
1194 905 1287 952 magno
1305 891 1417 939 clamore
1435 895 1633 952 pretereunte

77 964 151 1013 Dona
165 962 221 1012 lero
235 962 347 1021 Cereris,
365 963 432 1010 latos
450 976 517 1025 quae
530 975 620 1022 sparsa
638 975 686 1023 per
701 967 839 1024 agroetius
866 962 1002 1010 intentare
1021 975 1122 1020 manus,
1140 974 1240 1021 pennas
1258 959 1330 1007 exire
1349 973 1397 1020 per
1415 973 1513 1021 ungnes

79 1031 227 1093 Frugiferas
247 1046 353 1091 messes,
370 1031 543 1093 alimentaque
563 1030 633 1078 mitia
648 1030 771 1082 reddant.
867 1030 1022 1091 Adspeaere
1041 1042 1110 1086 snos,
1128 1028 1223 1090 operiri
1242 1028 1347 1076 brachia
1366 1028 1473 1088 plumis:

77 1101 208 1151 barbarus
226 1099 332 1148 insidit:
351 1100 469 1162 tantique
488 1108 516 1148 ut
534 1100 646 1148 muueris
663 1109 754 1149 auctor
867 1100 1010 1161 Alteraque
1029 1098 1135 1145 alterins
1152 1096 1236 1160 rigido
1253 1109 1421 1144 concrescere
1446 1103 1530 1145 rostro

77 1169 139 1233 lpse
161 1169 203 1228 sit,
222 1168 331 1230 bospitio
349 1168 457 1229 recipit;
476 1182 618 1231 somnoque
636 1175 771 1229 gravatum
867 1169 922 1218 Ora
941 1167 1040 1223 vident,
1058 1167 1227 1228 uolucresque
1244 1178 1325 1213 novas
1342 1164 1470 1214 accedere
1489 1165 1569 1215 silvis.

77 1239 237 1301 Aggreditnr
255 1237 333 1288 ferro.
369 1237 516 1286 Conantem
535 1235 616 1298 ligere
635 1243 725 1298 pectus
867 1237 987 1298 Dumque
998 1235 1195 1296 voluntplaugi;
1209 1248 1256 1296 per
1266 1233 1370 1281 brachia
1379 1242 1448 1282 mota
1458 1235 1561 1283 levatae
1582 1238 1632 1284 dib

77 1307 165 1369 Lynca
182 1308 264 1356 Ceres
282 1303 359 1366 teril3
377 1320 516 1368 rursusque
536 1319 583 1367 per
602 1319 663 1354 aera
681 1307 750 1354 misit
791 1309 841 1355 nnn
868 1306 938 1354 Aere
958 1303 1118 1366 pendebant,
1137 1316 1269 1351 nemorum
1287 1302 1412 1362 convicia,
1429 1303 1514 1365 picae.

77 1376 240 1438 Mopsopium
258 1375 377 1423 iuvenem
396 1388 482 1424 sacrm
499 1375 599 1436 agitare
617 1374 724 1435 iugales.
868 1375 944 1423 Nunc
961 1387 1063 1436 quoqne
1087 1371 1112 1419 in
1137 1372 1241 1419 alitibus
1259 1369 1380 1419 fecundia
1398 1371 1482 1433 prisca
1500 1372 1634 1433 resumsit,

78 1445 193 1494 Finierat
210 1445 291 1495 dictos
309 1458 324 1491 e
342 1444 416 1492 uobis
433 1443 544 1491 maxima
562 1452 663 1491 mutus.
869 1444 1008 1507 Raucaque
1026 1440 1173 1504 garrulitas,
1192 1440 1355 1503 studiumque
1373 1438 1485 1489 immam
1500 1439 1633 1505 loquendi.

79 1514 117 1564 At
135 1514 270 1578 Nymphae
291 1512 381 1562 riclam
399 1510 472 1574 deas,
491 1512 620 1561 Helicona
637 1512 764 1573 colentes,

527 1752 789 1831 LIBER
845 1748 1184 1830 SEXTUS.

78 1951 242 2002 Praebuerat
258 1950 334 2001 dictis
350 1952 467 2002 Tritonia·
483 1952 577 2002 talibus
594 1967 681 2014 aures,
867 1950 1029 2015 Palladaque
1051 1950 1175 2000 exblbnll.
1194 1949 1476 2001 Venerautnruumiua
1487 1953 1635 2018 Nymphae,

79 2020 251 2085 carminaque
271 2021 411 2081 Aonidum,
429 2022 572 2085 iustamque
591 2023 750 2083 probaverat
768 2018 842 2070 iram.
869 2020 1093 2084 Mygdonidesque
1112 2034 1205 2068 nnrns:
1225 2021 1330 2069 solaest
1342 2035 1392 2068 uon
1407 2021 1498 2071 territa
1509 2023 1633 2087 virgati

78 2090 143 2138 'i'nm
162 2088 390 2149 secum,baudare
406 2088 843 2153 parumest31audemnrctlpsue,
868 2090 921 2139 Sed
940 2096 1026 2139 tamen
1046 2088 1158 2146 erubuit,
1176 2088 1324 2151 subitusque
1343 2088 1423 2137 iuvita
1442 2092 1542 2141 nonsit

79 2157 193 2206 Numina
211 2171 259 2206 nec
277 2157 365 2219 sperni
383 2159 439 2215 sine
458 2171 543 2219 poena
561 2166 649 2206 nostra
667 2158 789 2207 sinamus.
869 2160 925 2208 Ora
943 2159 1031 2216 rnbor,
1049 2170 1188 2219 rursusque
1206 2157 1328 2205 evannit:
1349 2164 1377 2204 ut
1395 2158 1461 2207 solet
1479 2172 1525 2207 aer

78 2224 268 2289 Maeoniaeque
290 2226 402 2273 animum
421 2223 481 2274 satis
499 2225 611 2273 intendit
630 2226 774 2285 Arachnes,
828 2232 842 2275 u
871 2227 1020 2288 Purpureus
1039 2224 1106 2284 lieri,
1123 2238 1200 2288 quum
1219 2225 1329 2287 primum
1349 2226 1454 2274 Aurora
1472 2234 1600 2288 movetur,

81 2292 166 2342 Quam
184 2294 231 2343 sibl
250 2292 368 2342 lanificae
390 2308 441 2342 uon
460 2291 555 2341 cedere
574 2292 692 2344 laudibus
710 2295 774 2344 artls
871 2296 904 2343 Et
922 2298 1001 2343 breve
1020 2300 1079 2356 post
1096 2297 1199 2356 tempus
1217 2291 1374 2343 candescere
1392 2292 1459 2343 Solis
1481 2295 1514 2344 ab
1532 2303 1600 2345 ortu.

81 2361 218 2411 Audierat.
255 2362 314 2411 Non
333 2361 377 2409 iila
395 2363 460 2421 loco,
478 2374 526 2409 nec
544 2362 641 2424 origine
660 2363 744 2424 gentis
871 2364 975 2412 Perstat
994 2362 1018 2409 in
1036 2363 1149 2425 incepto,
1167 2360 1328 2425 stolidaeque
1341 2360 1463 2424 cupidine
1481 2365 1583 2428 palmae
1602 2370 1635 2417 ild

80 2429 168 2487 Clara,
186 2430 233 2480 sed
252 2435 319 2489 arte,
336 2427 393 2480 l'uit.
412 2429 560 2479 Paterbuic
570 2429 842 2493 eoiopnootnrluaon
870 2430 901 2480 1n
920 2446 966 2480 sna
984 2428 1039 2479 suta
1057 2430 1117 2480 ralt.
1152 2430 1245 2493 Neque
1263 2431 1332 2479 enim
1351 2430 1415 2479 iove
1429 2439 1490 2481 nata
1504 2440 1618 2496 recusat,

81 2498 208 2548 i’bocaico
226 2500 326 2549 bibulas
344 2499 462 2561 tingebat
478 2499 573 2548 murice
592 2502 674 2549 lanas.
871 2501 926 2549 Nec
945 2504 1033 2548 monet
1051 2499 1167 2558 ulterius,
1186 2514 1236 2549 nec
1254 2500 1303 2548 iam
1323 2499 1466 2549 certamina
1484 2500 1581 2552 differt.

81 2567 222 2618 Occiderat
231 2575 328 2617 mater:
347 2568 394 2617 sed
413 2574 440 2616 et
459 2570 523 2617 baec
541 2566 575 2617 de
589 2569 677 2631 plebe,
695 2581 793 2633 suoque
812 2571 844 2617 to
870 2568 949 2617 Hand
969 2582 1055 2626 moras
1074 2567 1218 2617 consistunt
1235 2566 1345 2618 diversis
1363 2568 1479 2631 partibus
1498 2571 1600 2636 ambae,

81 2637 174 2700 Aequa
194 2638 247 2686 viro
265 2635 360 2687 iuerat.
396 2635 483 2700 Lydas
502 2644 589 2686 tamen
608 2637 652 2686 iila
670 2650 719 2700 per
739 2636 815 2686 urbes
871 2639 904 2687 Et
922 2636 1010 2700 gracili
1029 2637 1143 2698 geminas
1161 2637 1301 2687 intendunt
1319 2639 1429 2687 stamius
1448 2640 1522 2689 teias.

81 2706 237 2756 Quaesierat
255 2704 340 2756 studio
357 2719 450 2755 nomen
469 2706 650 2765 memorabile3
670 2705 786 2770 quamuis
868 2707 932 2755 Tela
950 2705 1009 2768 ingo
1027 2705 1114 2754 vincta
1131 2711 1188 2754 est:
1207 2712 1307 2755 stamen
1326 2708 1439 2756 secernit
1456 2707 1570 2760 arundo:
1603 2714 1637 2763 ib

82 2775 149 2824 Orta
167 2772 243 2823 domo
260 2789 352 2838 parva,
369 2776 456 2837 parnis
474 2775 610 2824 babitubat
628 2774 775 2839 Hypaepis.
870 2774 998 2824 inseritur
1015 2772 1128 2822 medinm
1147 2774 1225 2823 radiis
1244 2777 1380 2825 subtemen
1400 2777 1501 2837 acutia,

80 2842 165 2892 Huius
183 2851 212 2892 ut
228 2843 394 2907 adspicerent
411 2858 476 2907 opus
494 2843 655 2904 admirabile,
672 2857 752 2908 saepe
871 2842 948 2896 Quod
966 2843 1040 2906 digiti
1059 2842 1212 2905 expediunt,
1230 2852 1308 2909 atque
1323 2844 1392 2895 inter
1408 2847 1518 2896 stamina
1531 2846 1637 2899 ductum

81 2913 228 2961 Deseruere
249 2913 289 2962 sui
301 2912 438 2977 Nymphae
456 2912 544 2962 vineta
560 2912 670 2977 Tymoli,
811 2916 844 2961 lb
871 2914 998 2962 Percusso
1017 2910 1113 2961 feriunt
1131 2912 1222 2961 insecti
1241 2914 1345 2975 pectine
1364 2914 1467 2965 dentes.

81 2981 227 3030 Deseruere
246 2995 305 3031 snas
324 2982 461 3045 Nympbae
479 2981 627 3031 Pactolides
646 2979 738 3031 nodas.
871 2983 988 3045 Utraque
1008 2979 1141 3040 festinant,
1159 2982 1311 3047 cinctaeque
1330 2982 1363 3031 arl
1383 2991 1489 3046 pectora
1509 2991 1595 3036 restes

81 3048 138 3099 Nec
154 3047 238 3099 factas
257 3052 338 3099 solnm
357 3057 443 3100 vestes
461 3058 581 3114 spectare
599 3052 720 3110 innabat;
870 3051 982 3100 Bracbla
1000 3049 1077 3099 docta
1096 3055 1209 3110 movent,
1228 3051 1312 3100 studio
1332 3049 1441 3102 fallente
1459 3056 1586 3104 laborem.
1602 3059 1637 3109 uo

79 3120 152 3168 Tunc
164 3134 276 3184 qnoque,
294 3119 493 3183 qnumfrereut:
509 3127 596 3169 tantus
610 3121 689 3169 decor
701 3119 843 3170 affuitartl.
871 3120 927 3168 lllic
945 3126 972 3169 et
990 3119 1094 3182 Tyrium
1113 3134 1179 3183 qnae
1198 3133 1313 3182 purpura
1331 3122 1410 3170 sensit
1427 3135 1520 3172 aenum

80 3187 141 3237 Sive
159 3188 249 3236 rudem
268 3189 363 3251 primos
382 3190 467 3237 lanam
486 3190 647 3252 glomerabat
663 3189 688 3237 lu
707 3191 799 3239 orbes:
869 3188 986 3248 Texitur,
1006 3194 1033 3237 et
1051 3194 1143 3237 tennes
1161 3188 1235 3251 parvi
1253 3188 1406 3239 discriminis
1425 3193 1540 3242 umbrae.

79 3257 133 3305 Seu
151 3254 237 3319 digitis
255 3258 390 3319 subigebat
407 3271 482 3319 opus,
500 3258 664 3322 repetitaque
682 3258 759 3320 lungo
810 3261 844 3306 2⁰
870 3259 960 3309 Qualis
980 3259 1012 3306 ab
1037 3257 1118 3305 imbre
1137 3259 1203 3306 solet
1221 3272 1357 3319 percussus
1376 3258 1471 3307 solibus
1489 3275 1565 3310 arcus

80 3324 188 3374 Vellera
205 3326 320 3373 mollibat
338 3325 447 3373 nebulas
465 3327 605 3390 amnestia
622 3334 724 3376 tractu:
871 3326 982 3376 inficere
1002 3326 1101 3388 ingenti
1119 3326 1223 3387 longum
1242 3327 1389 3375 curvamine
1408 3329 1525 3389 coelum,

80 3392 141 3442 Sine
160 3393 212 3441 levi
229 3399 339 3441 teretem
353 3393 475 3442 versabat
492 3396 584 3456 pollice
605 3392 705 3444 fusum:
870 3397 901 3444 ln
921 3411 970 3460 quo
989 3394 1084 3443 diversi
1102 3395 1204 3442 niteant
1222 3408 1299 3456 quum
1319 3395 1387 3443 mille
1406 3396 1514 3455 colores,
1602 3400 1637 3446 us

81 3461 134 3509 Seu
153 3461 277 3523 pingebat
294 3474 360 3518 acu;
384 3461 462 3509 scires
480 3476 496 3509 a
515 3462 625 3512 Pallade
643 3463 756 3512 doctam.
870 3465 1004 3512 Transitus
1023 3464 1078 3524 lpse
1097 3467 1184 3511 tamen
1204 3463 1351 3524 spectantia
1368 3464 1464 3512 lumina
1483 3462 1566 3514 tatur:

81 3529 159 3580 Quod
174 3534 262 3578 tamen
280 3529 337 3589 ipsa
350 3535 444 3590 negat:
464 3536 588 3593 tantaque
603 3530 701 3580 offensa
714 3531 845 3592 magistra,
871 3533 959 3596 Usque
967 3529 1109 3594 adeoqnod
1119 3529 1201 3592 tangit
1209 3530 1276 3578 idem
1286 3537 1423 3591 est,lamen
1431 3534 1522 3583 ultima
1529 3534 1637 3584 distant.

81 3598 183 3658 certet,
197 3597 243 3656 ait,
253 3611 367 3656 mecum;
378 3597 440 3646 nibil
452 3603 501 3655 est,
518 3596 587 3663 quod
597 3599 665 3648 sicta
675 3613 801 3648 recusem.
811 3602 844 3647 ib
871 3602 927 3649 illic
945 3607 972 3649 et
990 3601 1088 3649 lentum
1108 3597 1156 3647 tilis
1175 3599 1320 3649 immittitur
1339 3614 1440 3659 anrnm,

80 3668 168 3717 Pallas
186 3680 264 3715 auum
283 3666 395 3726 simulat,
415 3664 542 3730 salsosque
562 3667 586 3715 ln
606 3673 724 3730 tempora
741 3682 819 3717 caum
872 3670 906 3719 Et
924 3676 1000 3718 retus
1019 3669 1043 3717 in
1063 3669 1117 3716 tela
1135 3666 1277 3718 deducitur
1294 3676 1484 3732 argumentum.

82 3734 175 3795 Addit,
193 3742 221 3785 et
240 3735 354 3784 infirmos
372 3735 464 3784 baculo
481 3750 583 3800 qnoque
601 3737 713 3786 sustinet
729 3743 810 3786 artus.
872 3738 999 3801 Cecropia
1015 3737 1104 3786 Pallas
1123 3739 1254 3801 scopulum
1273 3738 1399 3789 Mavortis
1418 3739 1444 3789 lu
1464 3753 1525 3792 arce
1603 3744 1638 3792 in

80 3806 145 3855 'ron
164 3803 200 3855 sic
216 3819 264 3854 ura
281 3803 364 3868 loqui:
384 3804 443 3853 Non
461 3806 547 3854 omnia
564 3804 687 3867 grandior
704 3812 788 3865 aetas,
871 3806 968 3872 i’lnglt,
987 3815 1014 3856 et
1031 3807 1163 3870 antiquam
1183 3806 1217 3855 de
1235 3813 1322 3857 terrae
1341 3806 1443 3857 nomine
1461 3809 1543 3860 litem.

82 3875 157 3925 Quae
173 3872 311 3937 fugiamus,
329 3873 427 3932 baben
455 3874 519 3923 serie
538 3875 610 3923 seuit
634 3888 693 3922 usus
711 3875 744 3923 ab
763 3874 845 3923 anuis.
872 3876 917 3925 Bis
936 3890 981 3925 sex
1004 3877 1141 3935 coelestes,
1161 3875 1246 3925 medio
1265 3876 1339 3938 love,
1357 3875 1461 3926 sedibus
1480 3878 1539 3928 ultis

82 3942 222 3992 Consilium
241 3956 276 3991 ue
294 3956 390 4005 sperne
408 3957 503 3992 meum.
527 3942 585 3992 'ilbi
603 3940 673 3991 fama
691 3950 797 4007 petatur
814 3946 846 3992 tt
873 3945 992 4007 Angusta
1009 3945 1137 4007 gravitate
1156 3944 1258 3994 sedent.
1294 3946 1347 3995 Sua
1365 3960 1493 4010 quemque
1512 3946 1620 3999 deornm

83 4011 158 4060 luter
175 4012 298 4061 mortales
315 4009 451 4061 faciendas
470 4013 582 4061 maxima
600 4013 685 4060 lause.
872 4013 994 4062 inscribit
1011 4010 1100 4063 facies.
1137 4012 1206 4063 iovis
1225 4019 1266 4062 est
1285 4015 1378 4077 regalis
1396 4014 1489 4078 imago.

83 4079 157 4129 Cede
174 4076 252 4140 deae,
270 4080 423 4146 veniamque
441 4080 492 4131 tuis
509 4081 648 4131 temeraria
666 4080 740 4130 dictis
872 4082 948 4131 Stare
967 4082 1044 4130 deum
1063 4081 1158 4144 pelagi,
1177 4083 1304 4146 longoque
1321 4080 1408 4132 ferire'
1418 4084 1532 4134 tridente
1603 4088 1637 4136 ii

83 4147 206 4212 Suppllcc
223 4162 287 4199 uoce
304 4162 382 4211 ruga:
401 4150 503 4198 reulum
522 4150 595 4199 dabit
612 4151 657 4199 illa
674 4147 783 4210 roganti.
873 4150 976 4213 Aspera
995 4165 1057 4199 saxa
1075 4148 1149 4210 iacit,
1167 4150 1303 4215 medioque
1321 4166 1337 4201 e
1355 4153 1463 4203 vulnere
1480 4153 1536 4202 saal

84 4215 204 4280 Adspicit
220 4216 288 4269 hus
305 4218 395 4279 torris,
412 4219 568 4283 laueptaqne
585 4218 631 4268 fila
648 4218 787 4282 relinquit3
873 4220 1012 4269 Exsilnlsse
1028 4217 1133 4279 fretum,
1151 4234 1202 4283 quo
1211 4220 1319 4283 pignore
1334 4219 1450 4272 vindicet
1466 4224 1567 4272 urbem.

83 4284 294 4350 Vixqueusaaan
301 4287 427 4348 retinens,
435 4286 605 4353 confessaque
615 4286 846 4347 vultibusiram,ut
873 4289 910 4337 At
928 4289 975 4338 sibi
993 4288 1039 4337 dat
1056 4288 1178 4351 clipeum,
1196 4288 1242 4337 dat
1260 4294 1352 4340 acestae
1370 4289 1484 4354 cuspidis
1502 4290 1622 4342 bastamt

82 4352 189 4405 ‘ibiibus
204 4354 341 4407 m
358 4363 479 4405 resecuta
496 4363 537 4407 est
556 4355 666 4406 Pallada
684 4356 775 4406 dlctlsz
873 4358 926 4406 Dat
944 4358 1044 4420 galeam
1062 4357 1158 4420 capiti;
1178 4356 1329 4407 defenditur
1345 4357 1440 4423 aegide
1458 4366 1569 4424 peetus:

84 4418 181 4473 Muutb
197 4420 427 4493 bapq‘iaugaque
446 4425 518 4476 venis
536 4424 655 4476 cuuiecta
673 4433 789 4487 senoeta,
873 4426 1079 4489 Percussamque
1098 4440 1145 4475 sua
1164 4427 1266 4477 simulat
1283 4427 1317 4477 de
1336 4426 1445 4490 cuspide
1463 4435 1560 4479 terram
1605 4432 1641 4479 ull

85 4489 122 4539 Bt
136 4490 240 4540 nimiam
255 4490 354 4545 slaha
372 4493 418 4543 diu
436 4500 521 4544 nocet.
558 4494 657 4544 Audiat
674 4494 746 4555 istas,
875 4495 990 4544 Prodere
1009 4509 1067 4543 cnm
1088 4495 1173 4544 baccls
1192 4494 1273 4545 tetum
1291 4499 1410 4547 canentis
1428 4498 1530 4562 olivae,

84 4558 113 4608 81
129 4572 181 4623 qua
198 4560 244 4609 tibi
261 4566 341 4612 ausus
359 4568 410 4623 est,
433 4563 523 4627 siqua
541 4570 583 4613 est
600 4564 646 4613 tlbl
663 4561 725 4623 tilla,
742 4576 830 4613 voces.
874 4564 1016 4628 Mirariqne
1034 4564 1107 4613 deus.
1143 4564 1226 4627 Operi
1245 4565 1351 4616 victoria
1374 4566 1442 4616 fiola.

84 4626 191 4678 conum
207 4627 270 4679 satia
287 4633 328 4679 est
345 4631 371 4680 lu
390 4643 432 4680 me
450 4632 529 4682 mibi:
548 4646 615 4680 nere
633 4630 761 4681 mouendo
814 4635 848 4681 ib
874 4632 911 4683 Ut
928 4640 1014 4682 tamen
1030 4632 1155 4696 exemplis
1174 4634 1302 4698 intelligat
1319 4637 1423 4685 aemula
1439 4633 1534 4697 laudis,

84 4694 230 4747 Proiecisse
249 4704 344 4759 potem
367 4697 460 4750 eadem
479 4702 609 4750 sententia
628 4700 708 4749 uobis.
874 4701 951 4753 Quod
970 4702 1081 4765 pretinm
1100 4707 1188 4766 speret
1207 4717 1254 4766 pro
1272 4711 1325 4753 tam
1344 4702 1479 4755 furialibus
1497 4702 1582 4766 ausisr

85 4765 139 4815 eur
157 4780 207 4815 uon
226 4765 283 4828 ipsa
301 4768 388 4817 reniti
405 4783 452 4818 cur
470 4772 535 4819 baec
552 4769 694 4819 certamina
712 4769 797 4819 rltatt
875 4773 993 4821 linatnor
1011 4772 1037 4819 in
1056 4777 1145 4835 partes
1163 4772 1306 4822 certamina
1323 4779 1434 4837 quatuor
1450 4770 1527 4824 addit
1604 4776 1640 4827 0⁸

83 4835 149 4884 Tum
167 4832 228 4896 dea,
247 4835 336 4898 Venit,
353 4836 407 4897 ait3
430 4837 590 4903 formamque
616 4837 726 4888 nmurit
743 4838 849 4902 anilem,
874 4839 952 4890 clara
969 4841 1056 4891 culore
1073 4854 1128 4903 sno,
1147 4840 1268 4892 breuibus
1280 4840 1404 4893 distincta
1415 4840 1517 4907 ugnus

141 5000 183 5044 ΙΙΙ
198 5000 280 5043 laesit.
294 4999 344 5043 Ait.
357 4999 388 5043 n.
402 5012 416 5042 e
430 5000 485 5044 trib.
498 4998 562 5044 esdd.
602 4998 644 5045 idi
658 5000 730 5045 disis.

139 5054 190 5098 lus.
204 5053 244 5105 i'l,
259 5054 282 5098 ii
300 5053 400 5109 Lydius,
414 5054 435 5098 Ιι
513 5052 577 5099 eote
591 5054 643 5101 nn.
655 5056 802 5101 noeumane.
816 5057 917 5102 Fessus.
970 5060 999 5105 ΙΙ
1012 5059 1107 5105 muts
1120 5058 1167 5106 dua
1180 5059 1246 5106 redd.
1258 5058 1306 5108 liei
1418 5068 1428 5096 Ι

85 5109 211 5153 remittere
224 5108 356 5153 lortaitun.
381 5110 410 5151 it
466 5120 518 5152 casa
531 5115 629 5154 suam
641 5111 686 5154 dau
700 5110 765 5156 usdd.
778 5111 825 5155 sed
839 5112 870 5157 et
883 5113 949 5157 serbi
963 5126 1034 5159 unsa
1046 5115 1099 5170 vn,
1111 5117 1147 5160 fl.
1174 5116 1203 5161 ib
1216 5118 1312 5163 dauni.

84 5162 115 5207 sl
128 5163 202 5209 imbre
217 5164 293 5210 intell.
304 5168 358 5222 post
373 5162 478 5209 labrem
504 5164 531 5208 ΙΙ
546 5162 608 5221 quaa
621 5166 706 5222 tangit,
719 5178 780 5237 qaas
796 5167 901 5225 prasina
914 5176 969 5214 sual
982 5169 1048 5215 later
1061 5180 1101 5223 ser
1115 5174 1205 5227 lanea,
1217 5176 1245 5217 st
1257 5176 1348 5219 tut
