3586 5498
366 320 400 369 e.
424 319 568 368 orrnrr
591 318 779 373 eeeoere
810 320 1233 370 narenonerrosnor
1256 318 1337 369 ore.
1360 318 1414 370 rr.
1583 296 1658 371 1180

71 520 73 527 ·
115 498 206 561 Atque
219 508 272 559 ope
285 492 409 555 Paeonia,
426 492 487 543 Dite
504 491 666 555 indignante,
683 493 788 556 recepi:
823 497 873 543 000
900 494 1104 543 Nemomlhieet.
1111 492 1320 543 Voenrbevlrum
1327 492 1598 557 prohibeteiloiritee:
1605 500 1657 547 000

113 569 181 619 'rum
199 566 269 627 mihi,
287 578 320 613 ne
338 576 463 627 praesens
479 576 601 624 augerem
619 563 733 611 muneris
750 563 825 613 boine
900 564 960 625 Vel,
977 565 998 612 ei
1016 563 1184 627 dignoverit,
1202 564 1322 625 gravibus
1341 563 1435 612 vincite
1453 567 1566 628 catenis,

114 636 256 695 Invidiam,
274 634 368 683 deneas
385 632 478 681 obiecit
494 630 606 693 Cynthia
623 633 720 681 nubes:
901 634 956 683 Aut
973 632 1047 683 tinite
1064 640 1160 681 metum
1178 629 1264 681 sumile
1281 638 1363 682 morte
1382 634 1496 696 tyranni.

114 706 204 770 thue
222 703 303 753 t'orem
321 708 406 763 tutes,
423 715 575 765 possemque
592 700 697 763 impune
714 699 806 764 videri,
901 704 995 753 Qualia
1012 702 1157 761 succinctis,
1175 702 1219 751 ubi
1235 708 1295 750 trux
1314 702 1427 751 insibilat
1445 702 1538 765 iinrnn,

115 775 230 827 Addidit
247 779 372 830 aetatem:
391 785 440 820 nec
456 770 635 833 cognoscenda
651 770 755 834 reliquit
900 772 1034 821 Memora
1052 772 1145 834 pinetis
1162 769 1244 831 liunt:
1262 778 1308 820 aut
1324 773 1410 837 qualia
1430 771 1523 821 iiuctur

115 846 174 897 0ra
191 844 269 892 milri:
288 842 437 906 Cretenque
453 839 498 889 diu
517 838 644 889 dubitarit
660 838 806 889 habendam
824 841 875 888 000
901 841 1032 905 Aequorei
1049 840 1156 900 iaciunt,
1174 842 1196 889 ei
1214 842 1270 904 quie
1287 842 1376 903 procul
1394 840 1484 891 audiat
1500 842 1570 902 illos:
1606 848 1656 895 000

113 914 253 974 Tenderet,
270 926 303 961 an
324 912 417 961 Deion.
452 909 518 958 Delo
536 908 666 972 Cretaque
683 909 778 958 relictio
899 913 964 960 Tele
981 916 1056 959 sonat
1073 911 1191 973 popolus.
1213 910 1266 959 Sed
1284 924 1332 973 per
1349 909 1456 960 confusa
1472 908 1605 960 frementir

116 984 171 1035 rue
188 983 283 1046 poenit,
301 992 445 1044 nomenque
463 979 547 1039 simul,
565 978 634 1042 quod
653 979 733 1042 poenit
750 992 874 1043 equorum
901 981 990 1030 Verba
1005 987 1093 1030 tamen
1112 980 1181 1042 vulgi
1199 994 1249 1028 vox
1268 979 1364 1030 eminet
1381 994 1441 1041 nna,
1459 980 1525 1031 Quis
1543 982 1606 1030 illet

71 1090 73 1107 .
117 1053 301 1110 Admonniere,
323 1051 394 1099 iubet
410 1047 552 1110 deponere,
569 1048 673 1111 Quique
690 1045 761 1097 fuisti
901 1050 937 1099 Et
953 1056 1072 1114 spectant
1089 1048 1197 1109 frontes,
1215 1048 1399 1113 praedictaque
1412 1064 1508 1098 eornno
1520 1056 1657 1115 quaerunt.

116 1122 286 1186 Hippolytae,
304 1120 378 1178 dixit,
396 1132 464 1167 nuno
480 1117 549 1166 idem
568 1117 671 1167 Virblur
689 1124 754 1166 erto.
902 1120 1000 1168 Rurene
1015 1118 1048 1168 ad
1060 1120 1106 1168 hos
1118 1119 1206 1181 Cipus,
1216 1121 1298 1170 (luem
1308 1120 1422 1181 poscitis,
1435 1119 1526 1183 inquit,
1540 1121 1656 1170 hobetle:

71 1214 73 1241 ε
118 1186 790 1251 floenemnslndeoolo,dedisqoemiuoribusunur
825 1188 874 1235 000
902 1190 935 1237 lit
953 1188 1060 1252 dempta
1078 1189 1166 1251 capiti,
1184 1190 1278 1251 populo
1295 1189 1458 1251 prohibente,
1476 1204 1580 1253 meone,
1606 1195 1658 1239 010

118 1261 231 1313 linmine
250 1260 297 1308 rub
314 1258 434 1307 dominae
452 1258 529 1317 lateo,
546 1262 625 1321 atque
642 1270 780 1305 accenseor
798 1254 843 1305 illi.
902 1258 1024 1307 Exhibuit
1042 1258 1142 1321 gemino
1160 1258 1306 1321 praesignia
1326 1265 1444 1321 tempora
1460 1273 1549 1308 cornu.

118 1331 178 1381 Non
196 1337 283 1380 tamen
303 1328 412 1391 Egeriae
430 1328 513 1375 luetur
530 1326 615 1375 aliena
633 1326 720 1375 levare
901 1329 1037 1377 llemieere
1053 1329 1140 1377 oculos
1157 1342 1255 1390 omues,
1273 1328 1447 1392 gemitumque
1464 1328 1572 1387 dedere,

119 1402 221 1451 Damna
240 1400 336 1458 valent,
354 1396 498 1460 montisque
515 1396 603 1445 iacens
621 1395 751 1445 radicibus
768 1394 825 1459 imis
902 1397 990 1462 Atque
1007 1397 1070 1446 illud
1088 1397 1185 1446 meritie
1203 1399 1310 1459 clarum,
1328 1398 1384 1462 quie
1400 1396 1509 1447 credere
1526 1400 1624 1461 poseitt

117 1470 235 1535 liquitur
252 1469 277 1517 in
296 1467 428 1525 lacrimas:
453 1466 546 1527 donec,
562 1465 661 1527 pictate
678 1463 790 1513 detentio
901 1466 980 1517 inriti
998 1466 1088 1515 ridere
1105 1475 1198 1530 caput3
1217 1482 1267 1516 neo
1284 1467 1380 1516 honore
1397 1480 1487 1516 carcre

117 1540 201 1601 biota,
214 1550 285 1589 soror
299 1536 398 1585 Phoebi
411 1535 524 1599 gelidam
536 1533 571 1583 de
586 1549 693 1597 corpore
702 1532 799 1583 iontem
824 1538 875 1584 000
901 1536 1016 1585 Ulterius
1033 1537 1112 1599 passi,
1129 1534 1221 1585 festam
1239 1537 1384 1599 impoeuere
1400 1551 1529 1586 coronam.
1606 1540 1657 1585 010

71 1602 73 1663 i
118 1610 203 1669 recle,
219 1614 248 1657 et
264 1612 385 1656 aeternae
402 1611 474 1654 artua
492 1604 610 1654 tenuavit
627 1605 652 1654 in
671 1603 762 1653 undas.
903 1605 939 1656 At
956 1620 1086 1669 proceres,
1103 1607 1222 1673 quoniam
1240 1621 1326 1655 muros
1344 1608 1441 1656 intrare
1459 1605 1564 1670 veteris,

71 1714 73 1739 ÷
119 1679 157 1731 At
175 1678 308 1742 Nymphas
324 1675 411 1737 tetigit
427 1689 495 1723 nova
513 1688 572 1723 res:
597 1680 625 1722 et
644 1673 776 1724 Amazone
801 1678 875 1723 natus
902 1676 978 1725 Ruris
997 1677 1113 1725 honorati
1132 1682 1233 1725 tantum
1252 1676 1307 1737 tibi,
1324 1676 1399 1739 Cipe,
1418 1675 1526 1738 dedere,

118 1746 199 1799 liand
216 1748 294 1796 aliter
310 1745 418 1809 etopnlt,
435 1757 511 1808 qnam
529 1757 606 1808 quun:
624 1743 772 1807 Tyrrhenae
789 1750 876 1793 arator
902 1746 1032 1796 Quantum
1050 1744 1173 1809 depresso
1191 1745 1312 1794 subiectis
1330 1747 1412 1795 bobes
1430 1752 1516 1794 aratro

118 1818 235 1869 Patalem
254 1816 354 1879 glebam
373 1812 463 1863 mediie
480 1812 602 1877 adspexit
620 1813 646 1862 ln
663 1813 732 1861 arvis
902 1814 1044 1879 Complecti
1063 1828 1152 1878 porres
1169 1814 1203 1864 ad
1220 1814 1298 1864 tinem
1317 1815 1380 1865 lucie
1397 1815 1430 1863 ab
1448 1821 1524 1874 ortu,

117 1888 272 1952 Spontesua
284 1886 402 1949 primum,
417 1884 538 1947 nulloque
556 1883 681 1945 agitante,
695 1880 806 1940 moveri:
825 1886 875 1930 000
902 1884 1056 1950 Cornuaque
1073 1886 1179 1945 aeratis,
1196 1886 1287 1934 miram
1305 1884 1446 1935 referentia
1463 1882 1580 1944 formem,
1607 1888 1658 1933 oto

117 1958 226 2009 humere
251 1970 309 2004 mox
326 1954 445 2012 bominis,
466 1958 605 2016 terraeque
623 1950 742 2001 amittere
758 1948 875 2013 formam,
902 1954 1021 2003 Portibus
1038 1954 1194 2019 insculpunt,
1211 1956 1314 2017 longum
1334 1968 1453 2003 mansura
1475 1968 1523 2016 per
1540 1967 1641 2004 aevum.

118 2026 225 2091 Oraque
243 2025 358 2074 renturie
375 2021 478 2086 aperire
496 2021 610 2070 recentia
629 2019 704 2071 fahs:
901 2022 1013 2073 Pandite
1032 2037 1110 2084 nnnc,
1129 2024 1230 2082 Musae,
1248 2025 1397 2087 praeventia
1414 2024 1519 2071 numina
1537 2030 1636 2086 vatum,

118 2096 263 2159 Indigenae
281 2093 372 2143 dixere
387 2094 494 2154 Tagen:
514 2091 558 2154 qui
575 2092 672 2153 primur
689 2089 825 2138 norum
901 2093 977 2143 Scitin
995 2093 1073 2153 enirn,
1090 2107 1139 2142 nec
1157 2108 1202 2141 voe
1219 2091 1284 2142 fallit
1301 2094 1414 2156 :patinea
1432 2099 1556 2152 vetustae,

118 2166 231 2215 lidocuit
248 2170 352 2223 rentem
370 2174 444 2211 cuns
462 2162 567 2223 aperire
585 2158 702 2209 futuroe:
902 2162 979 2212 Unde
998 2162 1142 2212 Coroniden
1161 2161 1311 2211 circumflua
1327 2161 1465 2227 Thybridis
1487 2161 1562 2209 alveo

118 2234 206 2298 thue
225 2233 350 2281 Palatinis
369 2233 520 2279 haerentem
538 2229 643 2277 collibus
660 2227 720 2276 olirn
826 2232 876 2277 000
903 2232 991 2281 insola
1009 2232 1150 2280 Romuleae
1167 2231 1247 2279 sacris
1264 2229 1404 2279 adsciverit
1422 2230 1499 2279 urhis.
1608 2232 1659 2278 ea:

119 2304 205 2356 Quum
223 2302 307 2351 subito
325 2300 390 2350 vidit
406 2297 572 2348 frondescere
591 2298 712 2346 Romulus
733 2297 843 2360 hulam,
903 2302 966 2349 Dira
983 2301 1039 2349 lues
1055 2299 1184 2367 quondam
1202 2299 1290 2348 Latiae
1307 2301 1446 2349 vitiaverat
1463 2312 1549 2361 aurae,

119 2374 195 2425 Quae
212 2371 301 2421 radice
317 2384 394 2431 nova,
411 2384 461 2417 non
480 2366 549 2417 terro
565 2368 651 2418 stabat
668 2365 771 2429 adacto,
902 2368 1055 2434 Pallidaque
1073 2369 1197 2431 exsangui
1214 2369 1367 2432 squalebant
1383 2382 1490 2431 corpora
1506 2369 1577 2420 tabo.

120 2442 155 2491 Bt
171 2442 221 2490 iam
241 2454 291 2489 non
308 2442 400 2499 telum,
418 2438 465 2488 red
483 2438 546 2487 lenti
563 2436 664 2485 viminis
681 2436 758 2485 arbor
903 2440 1045 2489 Funeribur
1062 2437 1123 2488 ferei
1142 2444 1276 2502 postquam
1295 2438 1412 2487 mortalia
1428 2442 1539 2487 cernunt

119 2512 178 2561 Non
197 2514 361 2573 exspectatae
379 2509 458 2559 dehet
474 2506 661 2557 admirantibur
679 2506 799 2555 umbrae:
900 2510 1074 2559 Teuta-enta
1091 2508 1163 2568 nihil,
1181 2508 1243 2556 nibil
1261 2514 1330 2557 artes
1349 2521 1424 2570 posse
1442 2507 1609 2569 medentum:

121 2581 176 2630 Ant
194 2594 240 2629 ena
257 2579 379 2629 iiuminea
397 2592 473 2642 qunnr
492 2576 557 2627 vidit
574 2576 653 2638 Cipus
670 2574 696 2623 iu
715 2574 786 2623 unda
826 2578 876 2623 000
903 2579 1036 2628 Auxilium
1053 2580 1166 2627 coeleste
1179 2582 1290 2641 petunt:
1310 2577 1470 2641 mediamque
1483 2581 1661 2627 tenentestltd

119 2650 232 2707 Cornua,
249 2649 316 2699 vidit
332 2648 410 2709 enim,
434 2646 576 2710 falsumque
594 2646 619 2694 io
639 2644 749 2707 imagine
766 2643 876 2694 credens
903 2649 981 2703 orbis
999 2648 1102 2696 humum
1120 2647 1236 2710 Delphor
1253 2644 1361 2706 adeant,
1378 2648 1482 2695 oracula
1500 2646 1608 2710 Phoebi,

120 2720 184 2769 Bere
203 2718 292 2779 fidem,
309 2718 397 2781 digitis
414 2718 448 2767 ad
465 2714 577 2767 bootem
596 2728 675 2777 saepe
692 2714 790 2774 relatis,
868 2704 876 2727 “
902 2718 988 2782 thue
1003 2713 1136 2787 mlntiterq
1153 2716 1253 2765 miserie
1271 2729 1420 2765 succurrere
1438 2717 1516 2764 rebns

120 2790 194 2841 (luae
214 2789 288 2849 vidit,
310 2789 409 2851 tetigit:
435 2800 484 2836 nec
501 2788 552 2835 iarn
571 2798 618 2834 ena
635 2784 733 2833 lumina
750 2782 876 2832 dameam
902 2787 977 2835 Sorte
994 2787 1067 2845 velit,
1084 2792 1224 2851 tantaeque
1242 2785 1311 2833 urbia
1329 2787 1397 2833 mala
1414 2784 1497 2847 finiet,
1514 2792 1598 2836 orant.

120 2858 233 2915 Restitit,
251 2864 279 2905 ut
292 2858 378 2906 victor
395 2854 491 2905 domito
508 2854 641 2904 remeabat
658 2855 691 2902 ab
710 2855 792 2913 hoste,
904 2856 937 2903 llr
950 2857 1029 2913 locus,
1047 2863 1074 2905 et
1088 2858 1184 2917 lauros,
1203 2862 1238 2913 et,
1258 2869 1321 2920 quae
1336 2856 1415 2903 habet
1427 2855 1480 2915 illa,
1494 2856 1644 2917 pharetrae,

119 2927 163 2977 Ad
181 2929 332 2991 coelumque
348 2926 445 2987 oeulos,
458 2932 485 2974 et
495 2924 587 2974 eodem
601 2924 705 2972 brachia
714 2923 817 2983 tollens,
826 2926 877 2970 070
904 2925 1067 2974 intremuere
1084 2925 1173 2984 circui:
1192 2926 1342 2988 cortinaque
1359 2923 1473 2974 reddidit
1491 2925 1543 2974 imo
1609 2932 1661 2975 000

119 2997 261 3060 Quidquid,
279 2998 325 3056 ait,
342 2997 439 3058 superi,
456 3000 570 3044 monstro
588 2991 750 3056 portenditur
766 2993 826 3054 leto,
903 2995 980 3043 Hanc
997 2995 1077 3057 adyto
1094 3008 1193 3055 vocem,
1211 2992 1398 3058 pavefactaque
1417 3000 1524 3056 pectora
1541 2996 1635 3045 movit:

119 3066 171 3115 Seu
187 3068 283 3114 leoturn
298 3072 347 3125 est,
371 3066 473 3127 patriae
487 3065 583 3113 laetum
601 3063 744 3127 populoque
758 3060 876 3112 Quirini:
902 3065 979 3116 Quod
998 3065 1064 3127 petis
1082 3064 1150 3125 hinc,
1169 3065 1289 3127 propiore
1307 3064 1373 3122 loco,
1391 3064 1517 3123 Romane,
1535 3066 1661 3127 petisses:

119 3136 181 3185 Sive
198 3136 294 3195 minax,
311 3135 372 3183 inihi
390 3134 441 3195 eit:
459 3134 587 3197 viridique
604 3148 620 3182 e
639 3132 755 3194 caespite
771 3130 854 3181 motas
903 3136 936 3183 lit
954 3141 1016 3196 pete
1033 3148 1102 3182 nunc
1119 3135 1238 3198 propiore
1256 3136 1325 3182 loco:
1344 3146 1394 3181 nec
1412 3132 1534 3195 Apolline
1553 3134 1634 3196 vobis,

120 3206 213 3255 Plecat
230 3204 344 3254 moratis
362 3205 484 3253 herboras
501 3202 602 3265 ignibus
619 3215 687 3260 aras,
903 3202 955 3254 Qui
973 3204 1071 3251 minuat
1090 3205 1183 3263 luctus,
1201 3217 1265 3265 opus
1283 3210 1332 3263 est,
1350 3200 1396 3250 sed
1416 3201 1537 3265 Apolline
1555 3212 1625 3253 neto.

120 3274 240 3338 Vinaque
257 3273 304 3322 dat
322 3273 428 3335 pateris,
445 3276 665 3334 mactatarumque
677 3268 877 3328 bidentumrru
902 3272 945 3321 lte
963 3273 1036 3322 bonis
1054 3273 1153 3331 aribus,
1171 3274 1320 3335 prolemque
1339 3273 1463 3319 arcessite
1480 3276 1661 3321 incertamque

121 3343 189 3395 Ouid
208 3343 256 3391 ribi
272 3342 427 3404 significent,
452 3340 611 3402 trepidantia
627 3340 737 3388 consulit
755 3344 825 3387 exta.
903 3341 977 3390 Iussa
995 3340 1038 3389 dei
1051 3342 1165 3403 prudens
1180 3348 1313 3404 postquam
1329 3353 1455 3400 accepere
1471 3340 1592 3397 Senatus,

121 3414 196 3463 Quae
214 3412 288 3459 simul
306 3411 418 3473 inrpexlt
433 3411 584 3472 Tyrrhenae
602 3409 687 3469 gentis
704 3408 843 3469 haruspex,
903 3412 987 3460 Quam
1001 3412 1079 3467 colat,
1095 3411 1241 3471 explorant,
1262 3408 1361 3456 invenie
1379 3408 1525 3457 Phoebeius
1542 3412 1643 3472 nrhern,

121 3480 219 3542 Magna
236 3480 339 3543 quidem
357 3492 441 3528 rerum
460 3476 589 3526 molimina
607 3475 670 3525 vidit
687 3476 712 3525 iu
731 3477 790 3537 illia,
810 3482 813 3491 “
903 3479 1005 3539 Quique
1023 3483 1114 3540 petant
1131 3477 1216 3526 ventis
1234 3476 1375 3538 Epidauria
1393 3477 1469 3525 litora
1485 3479 1600 3529 mittunt.

121 3548 180 3599 Non
199 3546 336 3597 manifesta
352 3552 449 3596 temen.
484 3548 570 3597 Quom
588 3558 650 3593 vero
667 3545 769 3594 ennon:
785 3558 845 3593 ecre
904 3549 979 3599 Qnae
997 3548 1070 3596 eimul
1088 3547 1195 3595 incurva
1211 3546 1281 3593 missi
1298 3546 1409 3607 tetigere
1425 3546 1524 3606 omina,

121 3618 146 3668 A
166 3616 274 3680 perndie
290 3616 362 3665 tibrlr
379 3615 413 3666 ad
430 3614 490 3678 Cipi
506 3627 603 3663 cornua
620 3615 722 3662 lumen:
826 3618 877 3663 000
903 3617 1045 3665 Concilium
1064 3615 1206 3680 Graiosque
1224 3622 1312 3679 patree
1326 3615 1425 3676 adiere,
1443 3615 1597 3680 darentque,
1610 3622 1660 3668 010

121 3688 189 3747 Rex,
206 3687 254 3746 ait,
271 3701 286 3735 o
302 3687 388 3744 reive:
408 3685 454 3734 tibi
469 3683 548 3741 eninr,
565 3683 621 3741 tibi,
638 3682 714 3745 Cipe,
730 3682 831 3747 tuisque
903 3688 1030 3745 Orarere,
1048 3685 1135 3747 dcurn,
1152 3686 1196 3751 qul
1213 3699 1338 3748 praeveni
1354 3683 1446 3734 lunera
1464 3687 1548 3746 geritis

122 3759 174 3807 liic
193 3758 272 3817 iocus,
292 3763 318 3805 et
335 3754 427 3805 latiae
444 3753 574 3817 parebunt
590 3751 709 3801 cornibus
725 3765 809 3802 arces.
903 3756 989 3806 Piniat
1008 3755 1153 3805 Antoniae:
1171 3763 1256 3804 certas
1274 3755 1311 3803 ita
1327 3754 1415 3803 dicere
1432 3761 1523 3804 sortes.

119 3829 159 3877 ‘l‘n
178 3828 254 3876 modo
271 3839 362 3889 rumpe
378 3838 485 3885 moram,
501 3828 640 3887 portaeque
652 3821 749 3870 intrare
758 3826 878 3884 patentes
903 3824 1029 3885 lliseidet,
1046 3832 1073 3874 et
1091 3825 1175 3874 variat
1192 3825 1340 3882 sententia;
1368 3838 1478 3889 parrqne
1496 3826 1643 3887 negandum

122 3897 291 3960 Appropera:
310 3896 348 3946 ric
364 3893 525 3944 tetalnbene
546 3892 666 3955 Namque
678 3890 749 3939 Urbe
757 3898 878 3954 receptur
903 3896 961 3944 Non
980 3900 1055 3958 putat
1072 3895 1208 3954 auxilium
1227 3894 1300 3943 molli
1318 3908 1437 3953 renuere,
1460 3908 1581 3959 suamque

122 3967 179 4015 Rea
197 3966 257 4025 erie,
274 3972 302 4016 et
319 3969 422 4028 seeptro
439 3970 511 4013 tutus
528 3963 628 4025 potiere
645 3960 762 4024 perenni.
827 3965 877 4010 080
904 3964 962 4014 h'on
969 3965 1088 4014 emittere
1097 3979 1182 4027 openr,
1197 3964 1358 4013 necnomina
1370 3962 1661 4016 moereeueueneoso

123 4036 223 4083 Retulit
239 4036 283 4083 ille
301 4035 405 4098 pedem,
423 4040 573 4096 torvamque
590 4045 607 4080 a
624 4030 756 4080 moenibus
767 4030 843 4080 Urbis
904 4035 971 4083 lium
989 4033 1117 4093 dubitant,
1142 4047 1226 4081 seram
1245 4036 1369 4096 pepulere
1386 4035 1550 4096 crespusculo
1568 4037 1662 4097 lucem,

125 4104 254 4153 Avertens
271 4102 373 4165 faciem,
389 4104 493 4164 Procri,
511 4103 545 4151 ah
571 4102 659 4164 procul
676 4102 771 4161 omina,
790 4100 866 4163 dixit,
905 4104 1052 4168 Umbroque
1069 4103 1168 4153 telluris
1186 4103 1307 4153 tenebrae
1324 4102 1463 4153 induxerat
1480 4104 1552 4161 orbi:

121 4174 194 4222 Talia
212 4172 240 4223 di
256 4175 364 4236 pellant,
381 4174 513 4237 multoque
530 4186 579 4233 eqo
596 4170 687 4220 iustine
704 4184 797 4219 aerum
904 4174 990 4225 (inum
1008 4173 1073 4222 deos
1090 4174 1117 4220 in
1135 4174 1231 4223 wmnir
1247 4169 1332 4235 opifer
1349 4174 1489 4221 consistere
1507 4172 1575 4220 rhus

122 4242 203 4292 Exsul
221 4258 305 4305 am,
316 4258 393 4307 quarn
406 4258 448 4292 me
460 4241 566 4292 videant
573 4240 701 4304 Capitolia
710 4239 878 4303 regenlind
905 4243 975 4292 Ante
992 4248 1074 4305 tuum,
1092 4243 1218 4302 Romane,
1235 4247 1330 4302 torum,
1353 4241 1400 4291 eed
1416 4242 1499 4306 qualis
1516 4241 1541 4291 in
1561 4242 1628 4292 aede

122 4312 212 4373 Dixit:
230 4320 257 4362 et
266 4314 397 4376 externplo
409 4314 582 4376 populumque
591 4323 746 4373 gravemque
755 4310 878 4359 Senatum
905 4313 969 4361 iisse
986 4314 1060 4374 solet,
1078 4313 1248 4376 baculumque
1266 4318 1357 4360 tenens
1370 4317 1472 4373 agreste
1490 4312 1661 4375 sinistra,tibb

122 4382 269 4432 Convocat:
287 4389 349 4432 ante
366 4388 453 4431 tamen
472 4382 556 4445 pacali
573 4393 669 4428 cornua
686 4381 757 4429 lauro
904 4381 1051 4431 Caesariem
1064 4383 1157 4443 longae
1174 4380 1267 4431 dextra
1284 4380 1415 4431 deducere
1434 4382 1540 4443 barbae,

123 4450 213 4511 Velut,
229 4458 256 4501 et
272 4452 409 4514 aggeribus
425 4450 501 4501 tacti:
519 4463 535 4499 a
553 4450 632 4498 milite
650 4446 711 4497 forti
908 4451 942 4500 Et
959 4451 1061 4513 placido
1078 4453 1144 4500 tales
1163 4451 1280 4500 emittere
1298 4458 1404 4514 pectore
1422 4466 1516 4501 voees:

124 4519 233 4580 Insistit,
255 4522 390 4585 priscoque
408 4521 472 4571 deos
489 4534 504 4569 e
522 4532 592 4568 more
611 4524 742 4581 precatur,
906 4520 979 4570 Pone
987 4528 1079 4581 metus,
1092 4521 1203 4583 veniam,
1214 4521 1401 4586 simulacraque
1411 4528 1498 4570 nostra
1510 4520 1662 4582 relinquam.

123 4590 180 4649 Est,
197 4590 244 4649 ait,
262 4591 304 4639 hic
321 4604 396 4653 enne,
417 4604 494 4658 quero
512 4602 558 4639 roe
575 4588 603 4637 ni
620 4588 716 4651 pellitis
734 4585 807 4646 urbe,
907 4590 986 4639 Hunc
1001 4590 1077 4639 mode
1090 4596 1248 4653 serpentem,
1263 4591 1380 4640 haculum
1396 4591 1439 4655 qni
1455 4590 1565 4640 nexibus
1575 4588 1664 4649 ambit,

124 4660 182 4709 Rex
200 4660 258 4709 erit.
277 4659 304 4707 le
321 4661 364 4723 qui
381 4662 427 4724 eit,
443 4662 526 4723 signo,
543 4672 594 4707 non
609 4658 713 4707 nomine
724 4655 819 4705 dicam.
830 4658 880 4705 000
907 4660 1040 4723 Perspice,
1054 4666 1168 4724 etueque
1180 4668 1241 4709 nota
1248 4660 1311 4721 rlsu,
1319 4666 1509 4723 utoognoscere
1516 4660 1604 4721 possis.
1612 4662 1662 4706 000

124 4730 227 4779 Cornua
245 4726 331 4777 fronte
348 4731 425 4793 gerit,
443 4744 518 4794 quero
536 4727 608 4777 vobin
624 4725 722 4775 indicat
739 4739 832 4789 augur,
907 4729 1003 4778 Vertar
1020 4729 1141 4789 inbono:
1163 4729 1209 4779 sed
1223 4731 1304 4779 maior
1319 4744 1373 4789 ero,
1396 4736 1532 4793 motusque
1548 4728 1664 4792 videbor,

122 4799 150 4848 81
171 4799 277 4847 Romam
297 4798 407 4859 intrarit,
423 4796 559 4847 famularia
576 4797 633 4846 lura
650 4795 779 4845 datarum.
907 4798 1074 4863 inquantum
1092 4798 1157 4847 verti
1172 4800 1294 4849 coelestia
1306 4812 1415 4861 corpora
1430 4797 1536 4847 debent.

123 4869 174 4918 lile
192 4868 297 4931 quidem
316 4868 400 4930 potuit
417 4874 505 4930 portae
522 4868 666 4928 irrumpere
683 4871 804 4927 apertas:
908 4868 1045 4931 Extemplo
1061 4882 1119 4917 cnm
1140 4882 1203 4918 voce
1221 4868 1295 4928 dene,
1312 4883 1371 4917 curn
1390 4882 1452 4915 voce
1470 4866 1571 4931 deoqne

122 4938 176 4989 Sed
194 4953 241 4987 noe
257 4937 411 4998 obstitlmoe,
426 4936 543 5001 quamvis
559 4935 719 4985 coniunctior
740 4933 784 4983 illo
907 4938 1018 4987 §omnm
1034 4938 1097 5000 abit,
1113 4935 1341 5003 romniqeefugenr
1359 4938 1402 4986 lex
1420 4938 1489 4987 alma
1505 4942 1595 4987 secuta
1612 4942 1662 4987 ert.

179 5106 218 5149 011
237 5105 358 5169 Creteque.
372 5101 519 5165 ¹Ablative·
537 5112 640 5157 praecor.
662 5100 794 5152 nominem,
814 5112 859 5156 qne
880 5108 960 5149 eareat
973 5102 1098 5148 declinatio
1119 5116 1218 5161 mooe,
1237 5101 1401 5147 lariuereiere
1414 5102 1510 5147 tornaci
1522 5100 1613 5145 einen.
1626 5101 1664 5153 tl,

124 5154 813 5273 ᾕξιηέιῧὲῶἵὶέ.μξτῶωὲπὶιῐῶικηὶη
827 5161 918 5203 sererle
931 5157 981 5205 esd.
993 5160 1034 5205 tile
1046 5158 1128 5205 Rern.
1173 5160 1214 5205 010
1228 5158 1296 5203 neoc
1342 5158 1432 5215 00οη.
1444 5156 1679 5215 &aarum
