3586 5498
340 321 372 368 e.
390 311 547 366 'orrntr
572 318 763 364 usensis
785 314 1216 363 nersnoeerroeuor
1243 316 1322 361 urs.
1348 316 1406 362 vn.
1571 301 1645 370 422

94 491 237 553 Implumes
248 490 389 556 Celeisque
401 503 467 554 puer
483 489 615 552 Zetesque
628 486 746 538 inerunt.
808 491 859 537 ils
869 477 874 501 ⁸
886 488 964 550 Ergo,
975 486 1019 534 ubl
1036 485 1163 535 oenoessit
1180 491 1283 547 tempus
1297 485 1398 547 puerile
1414 488 1547 558 inventes,

94 561 157 608 Mox
173 561 272 622 periter
286 561 336 609 ritu
358 573 463 621 pennse
480 571 593 620 coepere
605 559 737 606 volnerum
886 557 993 606 Vellere
1008 569 1068 603 eum
1078 555 1174 618 Minyis
1191 554 1273 603 nitido
1289 554 1420 604 redientie
1437 560 1497 608 villo

93 630 206 690 Cingere
219 635 358 693 utrumqne
373 630 450 689 letus,
464 627 564 690 periter
576 625 719 676 tuumne
730 626 824 675 rnelee.
885 625 938 676 Per
957 637 1029 674 mere
1048 638 1099 673 nou
1114 632 1203 672 uotum
1218 623 1303 686 prime
1317 623 1418 687 petiere
1432 630 1530 680 certus.
1594 637 1645 683 720

484 866 745 944 LIBER
802 864 1255 945 SEPTIMUS.

95 1042 204 1105 lemque
213 1039 309 1089 fretum
320 1038 427 1102 Minyee
435 1039 571 1100 Pegesees
586 1050 674 1099 puppe
686 1036 822 1097 secedent,
883 1035 1013 1084 Maximus
1020 1035 1089 1083 intre
1096 1050 1137 1083 me
1146 1034 1212 1083 dens
1222 1041 1270 1083 est.
1281 1035 1440 1099 Nonmegue
1449 1040 1593 1104 relinquuru
1602 1048 1646 1103 3⁵⁸

94 1112 279 1173 Perpetueqne
295 1110 401 1157 trelreue
414 1109 517 1169 inopem
535 1108 582 1155 sub
595 1115 672 1154 nocte
687 1112 822 1154 senectenr
884 1105 981 1165 lingue
999 1118 1106 1167 sequere
1122 1105 1225 1152 titulum
1245 1111 1364 1153 ecrvetee
1380 1107 1453 1167 peliis
1470 1109 1597 1171 Achivae,

94 1180 210 1229 Phineus
228 1180 296 1226 visus
309 1184 381 1237 eret3
400 1178 558 1239 iuvenesque
575 1174 703 1238 Aquilone
722 1174 806 1223 crestl
885 1175 1061 1236 Notitiernque
1078 1174 1125 1222 iocl
1142 1174 1264 1231 melioris,
1280 1180 1307 1221 et
1322 1173 1428 1235 oppide‚
1441 1191 1547 1239 quorum

95 1248 234 1308 Virgineus
249 1249 366 1295 volucres
381 1246 467 1294 miseri
480 1246 606 1293 reuisere
619 1242 759 1305 ingerentr
885 1243 936 1290 Hic
946 1256 1046 1305 quoque
1055 1241 1211 1303 inmeriget
1225 1244 1371 1305 cultusque,
1386 1251 1507 1311 artesque
1517 1248 1647 1298 virorum:

95 1317 233 1379 Multeque
253 1316 369 1378 perpessi
381 1317 452 1363 clero
471 1315 519 1363 sub
532 1314 636 1373 lesone,
652 1311 759 1360 teudem
843 1315 858 1357 i
885 1313 1020 1374 Quemque
1039 1325 1087 1372 ego
1101 1326 1158 1359 curu
1176 1312 1262 1370 rebus,
1275 1325 1338 1374 ques
1357 1318 1426 1360 totus
1439 1315 1555 1375 possidet
1569 1320 1647 1379 orbis,

95 1386 266 1447 Contigerant
280 1384 387 1445 rupidus
403 1384 484 1433 limosi
500 1383 625 1431 Plsesidos
642 1381 735 1429 nudes.
885 1380 1035 1429 Aesoniden
1054 1386 1167 1430 mutesse
1185 1381 1278 1438 velisn3
1295 1394 1345 1443 quo
1362 1382 1471 1443 coniuge
1487 1382 1560 1442 t‘elix,
1614 1392 1647 1436 un

95 1454 216 1516 Dumque
228 1452 433 1514 sdeuutreqem,
442 1452 617 1514 Phryeeeque
630 1453 727 1498 vellere
740 1454 859 1510 poscunt,
886 1449 920 1497 lit
933 1449 973 1497 dis
986 1463 1048 1498 cern
1061 1447 1139 1507 seres,
1159 1456 1186 1497 et
1200 1450 1298 1496 vertice
1311 1448 1397 1497 sidere
1407 1457 1522 1514 tangem.

95 1523 202 1585 Lexque
211 1521 289 1569 detur
297 1522 411 1569 numeris
425 1534 575 1583 uenenorum
587 1519 717 1568 horrende
727 1519 857 1577 leboruee3
885 1518 965 1578 (luid,
982 1518 1051 1581 qnod
1064 1519 1151 1566 nescio
1168 1518 1212 1581 qul
1230 1517 1322 1565 mediis
1337 1532 1493 1569 concurrere
1512 1523 1537 1571 in
1554 1525 1630 1573 undis

95 1591 215 1652 Concipit
229 1591 332 1638 interea
350 1590 448 1639 relidos
464 1590 573 1638 Aeetius
586 1589 673 1652 ignes:
885 1587 1013 1635 Dicuntur
1028 1594 1137 1645 montes,
1154 1588 1305 1650 retibusque
1318 1586 1421 1636 inimice
1439 1589 1584 1653 cherybdis

95 1661 129 1708 Et
145 1662 243 1708 luctatu
255 1659 309 1719 diu,
323 1667 459 1722 postquem
473 1659 574 1706 retioue
587 1657 700 1705 furorem
826 1656 858 1702 lt
887 1656 1074 1705 Nuncsorlsere
1083 1654 1188 1713 fretum,
1198 1669 1266 1703 uunc
1275 1653 1389 1704 reddere
1399 1673 1407 1715 ;
1416 1657 1552 1724 cinctuque
1564 1664 1649 1712 seevis

95 1729 208 1777 Vineero
221 1743 271 1777 uos
288 1735 408 1790 poteret3
427 1728 544 1784 Frustra,
556 1726 663 1785 Medee,
677 1736 823 1786 repugnem
884 1726 971 1787 Scylls
986 1739 1068 1786 repen
1084 1725 1190 1773 auibus
1207 1725 1293 1773 Siculo
1306 1724 1404 1773 letrere
1417 1726 1562 1788 profundat
1615 1736 1648 1778 nu

95 1798 189 1847 Nescio
202 1798 259 1860 quis
269 1797 439 1855 demonstat,
449 1796 668 1858 eitsmlrumque,
683 1794 732 1842 nisi
747 1794 796 1840 lsoo
808 1796 859 1851 est,
885 1794 987 1856 Nempe
1015 1799 1126 1855 teneus,
1145 1794 1214 1858 quod
1236 1807 1312 1852 emo,
1335 1795 1485 1860 gremioque
1507 1799 1533 1846 in
1549 1799 1658 1849 lesonis‘

95 1868 151 1916 Ant
166 1867 264 1929 eliquisl
279 1874 351 1914 certe
370 1865 452 1915 simile
466 1865 534 1923 huie,
554 1864 623 1928 quod
636 1877 725 1912 emere
740 1867 858 1909 nocetur.
1316 1863 1428 1913 inserens

96 1936 163 1984 Nem
176 1951 223 1983 cur
238 1935 307 1983 iusse
323 1935 406 1995 petris
418 1934 524 1982 nimium
542 1934 603 1981 milri
619 1933 685 1981 durs
704 1930 841 1980 videnturt
886 1926 1011 1977 Perirete
1019 1929 1096 1989 noga
1106 1929 1203 1977 treber.
1214 1929 1512 1996 Nlhllillnmumpiere,
1522 1939 1647 1988 verebor:

95 2005 275 2068 Suntquoqne
291 2004 454 2053 dureuimis.
478 2002 541 2062 Cur,
560 2016 636 2064 quesn
653 1999 858 2061 mododenique
886 1999 950 2057 Aut,
969 1997 991 2045 si
1006 1996 1204 2058 qnidmerusn,
1222 2005 1336 2048 metuem
1354 2000 1389 2049 de
1408 2006 1517 2067 coniuge
1535 2009 1597 2056 solo.

526 2071 589 2129 vidi,
827 2071 859 2117 ld
886 2066 1076 2127 Coniugiumne
1094 2080 1181 2124 voees,
1199 2068 1367 2132 speciosaque
1383 2073 1487 2121 nomine
1502 2078 1597 2137 culpne

95 2140 137 2189 Ne
151 2145 253 2202 pereet,
272 2139 366 2187 timeot
380 2152 447 2202 quee
464 2139 529 2187 tenti
541 2152 619 2186 oeuse
632 2137 748 2183 timorist
887 2135 1010 2197 Imponis,
1028 2132 1135 2194 Medon,
1152 2140 1230 2182 tunel
1246 2137 1306 2198 quin
1322 2139 1437 2199 edeplce,
1454 2151 1580 2205 quentum
1616 2148 1649 2196 70

96 2208 197 2257 Excute
212 2208 326 2267 virgineo
341 2214 480 2268 eous-eptes
498 2213 606 2268 pectore
626 2203 754 2265 flemmes,
887 2202 1052 2264 Aggreniere
1069 2201 1157 2250 oet'ss:
1175 2209 1211 2263 et,
1228 2203 1289 2251 dum
1308 2206 1377 2262 licet,
1395 2208 1480 2269 effuge
1498 2211 1605 2261 crimen.

97 2277 124 2324 Si
137 2284 221 2338 potes,
232 2274 332 2325 infelix.
350 2276 377 2323 Si
392 2289 503 2335 possem,
517 2274 603 2322 senior
618 2287 710 2320 essem.
888 2272 976 2329 Dixit;
994 2276 1022 2318 et
1033 2278 1096 2318 ente
1111 2272 1198 2319 oculos
1222 2280 1330 2330 rectum,
1348 2275 1494 2339 pictosque,
1515 2281 1650 2346 puriorque

96 2344 149 2393 Sed
164 2345 244 2391 trehit
259 2343 366 2390 invitem
381 2356 448 2391 nove
465 2344 519 2400 ris;
538 2342 661 2404 sliurique
678 2340 790 2402 Cupido,
885 2340 1072 2397 constiterunt,
1091 2346 1119 2386 et
1137 2340 1205 2387 victe
1222 2339 1302 2387 dabat
1321 2343 1371 2390 iarn
1389 2349 1464 2406 terge
1483 2347 1593 2411 Cupido.

96 2415 174 2462 Mens
186 2412 256 2461 eliud
271 2411 374 2459 suedet.
410 2411 495 2461 Video
513 2411 789 2472 meliore,proboque;
826 2410 860 2456 2⁰
887 2409 947 2457 lbet
964 2408 997 2456 etl
1017 2409 1138 2471 entiques
1158 2407 1273 2456 Hecetes
1292 2410 1430 2461 Perseidos
1449 2430 1516 2475 eros,

96 2482 235 2532 Deteriore
247 2494 349 2543 sequor.
386 2481 456 2531 Quid
475 2481 499 2528 ln
518 2481 628 2542 lroepite,
641 2480 714 2540 regie
726 2479 807 2540 virgo,
886 2477 959 2527 Ques
968 2490 1059 2524 nemus
1068 2479 1225 2536 umbrosum,
1233 2486 1385 2542 secretaque
1393 2483 1458 2531 silve
1471 2488 1605 2545 tegebant.
1617 2494 1649 2538 7³

96 2551 205 2600 Urerist
222 2558 249 2598 et
263 2551 389 2597 theloneos
405 2551 484 2599 elieni
504 2549 617 2611 concipio
634 2550 721 2596 orbist
888 2548 920 2594 Et
939 2547 989 2594 inm
1008 2544 1081 2593 tortis
1100 2552 1167 2603 erat,
1186 2548 1325 2609 pulsusque
1340 2551 1470 2601 resideret
1486 2555 1579 2617 urdor3

97 2620 173 2668 Haec
183 2633 285 2683 quoque
302 2625 372 2666 terre
385 2626 482 2681 potest,
499 2617 567 2681 quod
586 2631 665 2678 emes,
680 2616 755 2667 dere.
770 2615 860 2678 Vivet,
886 2616 972 2665 Quum
982 2613 1213 2663 videtAesoniden
1224 2632 1230 2662 :
1243 2618 1650 2688 exstinctoquetlammeresixit,

526 2700 559 2734 en
576 2686 620 2734 ille
887 2685 921 2732 Et
937 2684 1050 2732 rubuere
1068 2697 1161 2744 genae,
1180 2691 1284 2748 totoque
1303 2689 1440 2737 recenduit
1463 2707 1516 2742 ore.

97 2756 219 2813 Occidet,
233 2756 258 2804 io
274 2755 314 2804 dis
327 2762 376 2804 est.
395 2754 477 2803 Vlrst
494 2762 598 2813 temen3
617 2754 696 2817 idque
714 2753 816 2816 proceri
887 2754 922 2801 Ut
939 2753 1005 2801 solet
1023 2754 1141 2801 eventis
1160 2754 1284 2803 elimenta
1302 2770 1444 2816 assumere,
1463 2776 1581 2827 quaeque

97 2826 147 2874 Vel
160 2826 216 2873 sine
225 2838 314 2873 eruore
328 2825 397 2874 licet.
416 2822 486 2875 Quid
503 2824 571 2871 eninr
583 2824 711 2872 commisit
722 2823 859 2872 lesoutlt
887 2822 972 2870 Perre
990 2822 1039 2869 sub
1056 2821 1163 2870 inducte
1182 2823 1257 2871 lstuit
1275 2825 1386 2875 scintille
1404 2825 1504 2890 levitis,
1616 2837 1650 2881 ou

97 2893 253 2953 doemunt
270 2893 413 2954 crudelem,
427 2907 478 2942 uon
497 2898 589 2954 tenget
604 2891 704 2940 lesouls
719 2899 803 2954 netes,
886 2891 1022 2950 Crescere,
1040 2896 1068 2939 et
1087 2890 1112 2938 in
1132 2896 1235 2938 veteres
1254 2893 1353 2955 egitete
1372 2909 1510 2960 resurgere
1528 2901 1614 2959 vires,

98 2963 132 3010 Et
145 2977 235 3025 genus,
250 2968 279 3009 et
298 2962 399 3011 rlrtust
416 2976 492 3025 quern
509 2975 570 3021 noe,
582 2967 611 3009 ut
623 2968 713 3010 cetere
728 2961 826 3022 desint,
885 2960 929 3008 Sic
946 2961 997 3008 inm
1016 2961 1101 3008 lentus
1119 2973 1206 3020 eruor,
1224 2959 1274 3009 iem
1294 2976 1369 3025 quem
1389 2967 1514 3029 lenguere
1533 2976 1651 3034 putores,

97 3030 191 3080 Porrus
207 3045 312 3079 morere
327 3036 429 3093 potestt
445 3037 517 3078 certe
537 3044 596 3078 uses
612 3038 719 3092 pectore
734 3030 824 3078 movit.
887 3029 923 3078 Ut
940 3028 1006 3077 vidit
1023 3029 1154 3087 iuvenem,
1172 3029 1260 3090 specie
1278 3035 1424 3092 proesentis
1442 3037 1540 3087 inarsit.

98 3100 144 3158 At,
161 3101 208 3148 nisi
223 3115 298 3162 opero
313 3102 407 3160 tulero,
419 3107 550 3147 taurorum
563 3098 695 3147 efllebitur
706 3112 762 3159 ore,
887 3098 921 3146 Et
938 3112 1000 3146 cesu
1018 3099 1093 3146 solito
1110 3095 1244 3145 formosior
1263 3098 1367 3147 Aesone
1386 3111 1462 3151 ustus

97 3170 293 3232 Concurretque
308 3169 476 3229 susesegetl,
495 3169 587 3217 tellure
603 3169 698 3216 creetis
827 3171 860 3218 80
887 3166 937 3215 llle
956 3168 1013 3214 luce
1032 3165 1090 3214 tuit.
1127 3165 1222 3214 Posses
1239 3168 1373 3228 ignoscere
1392 3173 1500 3221 ementi.
1617 3180 1649 3224 8³

98 3238 239 3296 Hostibus;
265 3244 310 3284 eut
333 3236 411 3285 uvido
429 3236 535 3284 debitur
552 3234 609 3284 fers
626 3235 726 3298 preede
743 3234 860 3285 dreooni.
886 3234 1005 3297 Spectet,
1023 3241 1050 3283 et
1067 3236 1093 3283 ln
1112 3236 1196 3294 vultu,
1215 3237 1295 3285 veluti
1314 3244 1376 3286 tuuc
1394 3238 1505 3303 deniqne
1524 3243 1588 3305 viso,

98 3306 155 3354 Hoc
175 3319 222 3366 ego
241 3307 261 3352 sl
281 3305 376 3367 pelles,
395 3310 449 3352 tum
468 3317 509 3353 use
527 3304 562 3353 de
580 3305 674 3367 tigride
692 3310 791 3364 unum,
886 3303 997 3353 Lumine
1015 3303 1068 3351 iius
1087 3310 1175 3352 tenet:
1195 3318 1244 3353 nec
1262 3320 1290 3352 se
1309 3308 1427 3356 mortuiis
1445 3310 1553 3359 demens

96 3376 161 3423 Turn
178 3372 275 3420 ferrum
290 3380 318 3421 et
328 3373 447 3434 scopulos
462 3380 566 3431 gesture
578 3373 602 3421 in
620 3372 698 3421 oorde
713 3371 825 3422 fetebor.
887 3374 943 3420 Ore
960 3371 1050 3420 videre
1068 3378 1160 3432 pntet;
1184 3385 1233 3420 uec
1250 3387 1278 3420 se
1297 3373 1413 3422 declinet
1430 3378 1463 3423 ub
1482 3378 1533 3426 illo.

98 3443 152 3490 Cur
166 3456 216 3489 non
235 3447 262 3488 et
275 3448 365 3502 specto
381 3446 546 3501 pereuntem,
559 3442 697 3503 oculosque
712 3441 827 3491 ridendo
887 3440 923 3488 Ut
941 3453 1003 3488 vero
1021 3440 1158 3501 coepitque
1176 3441 1253 3502 loqui,
1272 3440 1443 3506 dextrumque
1461 3447 1602 3507 prehendit

99 3511 274 3559 Coosoelerot
293 3523 340 3556 eur
357 3522 408 3556 uon
424 3515 512 3555 tunsos
530 3510 693 3557 esisortorin
709 3509 792 3570 illum,
827 3513 859 3558 sd
887 3508 1000 3570 Hospes,
1018 3513 1045 3555 et
1062 3507 1187 3555 euxilinm
1206 3509 1331 3558 submisse
1349 3525 1413 3559 voce
1432 3516 1542 3575 rogavit,
1616 3523 1651 3568 nn

97 3580 304 3640 ‘terrigenasque
322 3573 400 3635 ieros,
417 3576 608 3641 insopitumque
623 3576 781 3626 drecouemt
887 3577 1060 3640 Promisitque
1078 3583 1176 3636 torum3
1196 3576 1307 3625 lecrimis
1325 3579 1363 3627 eit
1381 3580 1424 3629 ille
1442 3582 1569 3644 profusis:

98 3650 132 3698 lli
149 3648 255 3696 meliore
271 3644 370 3693 velint!
394 3644 549 3707 Quanuem
568 3647 684 3694 soniste
701 3644 843 3708 preoends,
887 3645 956 3696 iluid
975 3644 1069 3695 ieciem
1088 3645 1180 3703 rideo;
1200 3659 1250 3694 nec
1268 3662 1308 3695 me
1327 3648 1473 3709 ignorentie
1492 3655 1546 3703 veri

98 3717 151 3767 Sed
170 3714 291 3765 t'eoleude
307 3715 378 3763 milri.
408 3714 558 3762 Prodemus
572 3728 621 3775 ego
639 3727 720 3775 regns
735 3715 861 3778 percotis,
886 3714 1016 3775 Decipiet,
1033 3712 1080 3763 sed
1098 3728 1179 3763 sutor.
1215 3714 1361 3766 Servebere
1381 3734 1488 3769 munere
1506 3729 1609 3774 nostro:

98 3788 187 3851 Atque
198 3798 248 3847 ope
260 3785 349 3833 nescio
362 3783 418 3848 quls
435 3783 582 3831 serrelsitnr
595 3782 699 3834 eduens
712 3790 811 3845 nostre,
886 3784 1011 3832 Serretes
1028 3783 1153 3846 promisse
1171 3784 1243 3833 dato.
1280 3785 1333 3834 Per
1350 3802 1425 3837 seces
1443 3790 1566 3842 tritisrmis

98 3856 135 3905 Ut
151 3869 199 3918 per
216 3868 257 3903 sne
275 3867 373 3915 sospes,
388 3853 445 3901 siue
463 3866 514 3911 rue,
538 3851 585 3901 det
599 3853 681 3901 liutee
699 3853 792 3912 sentis,
827 3856 861 3902 tt
887 3852 937 3900 llis
955 3853 1032 3911 dese,
1050 3853 1158 3916 lucoque
1176 3852 1245 3903 foret
1262 3855 1331 3918 quod
1351 3872 1447 3906 numen
1467 3861 1491 3909 lu
1511 3862 1564 3923 llio,
1617 3871 1650 3916 titi

98 3924 197 3987 Virque
213 3924 248 3971 sit
259 3923 383 3981 elteriue3
400 3935 500 3984 poenee
517 3921 615 3971 liedes
633 3922 785 3985 relinquert
887 3921 991 3985 Perque
1009 3928 1110 3984 petrem
1129 3923 1221 3980 soceri,
1239 3931 1390 3974 cernentem
1406 3935 1508 3990 cuncte,
1526 3929 1617 3997 futuri,

99 3991 300 4052 strennuos,
316 3993 428 4041 elienses
444 3997 532 4052 potest
546 4004 709 4053 preeponere
726 3990 809 4050 nobis,
888 3991 1053 4054 Brontesque
1070 4005 1140 4051 suos,
1157 3998 1186 4040 et
1202 3998 1277 4041 tents
1295 3995 1410 4055 pericula
1428 3997 1506 4046 iuret.

100 4060 213 4110 Oooidst
227 4060 352 4123 ingestus.
370 4060 423 4109 Sed
440 4075 489 4108 uon
507 4061 528 4109 is
542 4061 628 4108 rnltus
645 4060 671 4107 in
687 4060 739 4119 illo,
887 4059 1011 4109 Creditus
1027 4060 1128 4122 eceeplt
1145 4066 1265 4109 cenmm
1283 4062 1400 4125 protinus
1418 4066 1520 4127 inertes,

100 4129 159 4178 Non
175 4142 208 4177 ee
223 4129 436 4178 nobiliteseulno
448 4135 498 4186 est,
515 4143 547 4177 ee
565 4130 649 4191 gretie
664 4126 773 4189 tornes,
888 4127 1053 4193 Edidicitqse
1071 4142 1161 4187 usum3
1179 4129 1318 4194 leetusque
1336 4132 1361 4180 in
1380 4142 1466 4183 oestre
1484 4139 1600 4189 recessit.

99 4198 136 4247 Ut
152 4198 257 4246 tlroeern
271 4197 401 4259 rreum,
419 4198 556 4261 meritique
570 4198 767 4247 oblirlesostri.
827 4199 862 4245 46
888 4197 998 4245 Psstsre
1016 4196 1155 4258 depuleret
1172 4199 1263 4247 stelles
1281 4200 1386 4251 Aurore
1404 4204 1546 4267 mloeotes;
1602 4213 1651 4261 lon

100 4267 134 4316 lit
152 4267 225 4317 debit
237 4273 301 4316 ente
315 4265 412 4326 iidem
435 4280 577 4330 eogenmus
592 4267 618 4315 iu
637 4265 746 4315 loedere
763 4270 845 4314 testes
887 4266 1052 4315 Conremunt
1071 4266 1159 4327 populi
1177 4280 1279 4316 seernm
1298 4270 1425 4320 Merortis
1443 4274 1469 4322 in
1488 4290 1588 4337 ertum,

99 4337 164 4385 Esse
181 4336 252 4386 dees.
271 4335 342 4387 ‘leid
360 4341 418 4383 tute
435 4336 530 4383 tiuest
550 4336 697 4397 ecclegem,
718 4342 861 4384 stennon
887 4336 1090 4399 consistuntque
1107 4336 1185 4399 legis.
1221 4337 1311 4388 Medio
1328 4353 1375 4388 rex
1394 4342 1450 4404 lpse
1468 4346 1565 4394 resedit

99 4406 174 4454 Pelle
192 4418 298 4454 morere.
316 4405 374 4453 tint
392 4418 420 4455 se
436 4418 541 4466 semper
557 4405 664 4453 debebit
676 4404 764 4463 lesos,
888 4405 1000 4465 Agmine
1018 4417 1174 4467 purpureus,
1191 4414 1349 4475 sceptroque
1365 4409 1473 4475 insigms
1491 4416 1599 4467 eburno.

100 4473 139 4522 Te
151 4472 208 4522 iecs
225 4473 342 4523 sollemni
355 4474 446 4534 iunget
461 4474 519 4531 sibi,
534 4486 632 4537 perque
653 4474 779 4534 Pelesges
888 4474 957 4522 Ecce
974 4473 1138 4523 enementels
1156 4474 1302 4525 Velceunm
1320 4478 1426 4529 nerlbm
1444 4481 1535 4532 etllent

100 4542 235 4591 Servetrisr
251 4543 328 4591 srlses
343 4549 455 4592 metrum
472 4542 641 4591 celebrsbere
655 4543 741 4591 turbe.
828 4544 862 4588 ⁸0
889 4542 1037 4604 Aeripedes
1054 4542 1136 4604 tueri,
1154 4548 1294 4609 teetesqne
1312 4550 1450 4610 reporlism
1468 4551 1565 4601 untes
1602 4558 1651 4605 tos

100 4611 170 4674 Ergo
185 4623 234 4672 ego
248 4624 408 4674 menses,
422 4610 591 4673 fretumque,
607 4617 770 4675 putremque,
786 4608 862 4660 deos·
889 4610 1003 4661 Ardent.
1039 4611 1127 4674 thue
1145 4614 1229 4661 solent
1246 4616 1317 4677 plenl
1336 4629 1460 4667 resoeere
1477 4620 1582 4687 centini,

528 4693 590 4741 que,
889 4680 944 4728 Ant
961 4679 1005 4729 elsi
1023 4686 1128 4730 terrene
1146 4682 1231 4732 silices
1250 4681 1357 4735 ioroece
1373 4688 1450 4736 soluti

100 4744 236 4796 Et'netele
249 4748 339 4806 solunt,
357 4748 441 4797 ventis
458 4749 556 4805 eblete,
571 4747 735 4810 relinquent
888 4748 1043 4812 Coooiplnnt
1061 4751 1147 4811 ignee
1166 4750 1320 4815 llqsidernm
1337 4754 1496 4819 edspergine
1509 4774 1651 4829 equarum

100 4817 203 4878 Nempe
220 4822 410 4878 peteremus,
422 4831 517 4879 nempe
527 4823 638 4865 estrees
650 4816 761 4864 berbere
775 4816 862 4864 tellus.
890 4818 1001 4867 Pectore
1018 4820 1056 4867 sie
1073 4820 1143 4868 lutus
1161 4821 1262 4870 cieuses
1280 4823 1411 4872 rslrentie
1428 4822 1556 4891 desumus,

100 4887 196 4935 Preter
214 4885 300 4933 edlsuc
315 4882 417 4933 luisusz
434 4892 506 4935 snut
524 4898 624 4935 mecum
640 4891 702 4934 sote
716 4885 819 4934 sororis.
888 4885 1226 4952 uertunqeeustesmsot.
1238 4891 1592 4949 mensunusum·
1601 4902 1652 4953 ll·

155 5021 206 5064 Lib.
218 5015 305 5072 v11,s
323 5017 417 5073 Vseqes
437 5017 509 5063 detur
532 5020 583 5063 lile
601 5022 629 5065 is.
650 5021 698 5065 Ait.
712 5018 742 5063 tt.
765 5020 820 5065 hee·
835 5034 865 5063 ee
887 5034 926 5065 nn.
939 5024 1046 5067 senseris
1067 5024 1129 5078 pler.
1142 5022 1207 5068 seed
1234 5024 1426 5075 tenso-ten
1440 5030 1513 5083 elien
1554 5046 1592 5096 Jr

100 5075 276 5120 multitudinem
292 5072 311 5116 sl
330 5071 371 5116 oli.
386 5072 464 5115 Amor.
477 5072 554 5127 illst,
594 5074 674 5119 ,Ne-
690 5072 785 5121 liemld.
800 5076 819 5118 l'
834 5074 868 5128 ll,
889 5077 918 5121 et
933 5076 1000 5135 penei
1014 5083 1074 5121 tent.
1087 5078 1152 5123 cedd.
1164 5090 1283 5137 esnsrse,
1320 5080 1365 5128 esd
1379 5082 1411 5131 ΙΙ,
1525 5034 1572 5096 μ’·

101 5129 144 5173 loe
157 5130 221 5174 oodd.
238 5130 289 5172 lin.
325 5158 332 5170 .
364 5128 392 5172 20
406 5132 430 5170 et
444 5128 472 5171 li
491 5127 566 5181 Quen
582 5129 611 5172 il.
624 5142 639 5174 e
653 5126 717 5173 oodd.
743 5129 788 5172 sut
802 5132 856 5186 qsts
869 5130 1134 5190 allenium-qus
1146 5142 1227 5177 sen·
1240 5094 1492 5205 ”MY-

102 5186 141 5228 lti
156 5186 242 5239 slliees,
255 5184 314 5227 eeln.
