<?xml version="1.0" encoding="UTF-8"?>
<!DOCTYPE html PUBLIC "-//W3C//DTD XHTML 1.0 Transitional//EN"
    "http://www.w3.org/TR/xhtml1/DTD/xhtml1-transitional.dtd">
<html xmlns="http://www.w3.org/1999/xhtml" xml:lang="en" lang="en">
 <head>
  <title>
</title>
<meta http-equiv="Content-Type" content="text/html;charset=utf-8" />
  <meta name='ocr-system' content='tesseract 3.04.00' />
  <meta name='ocr-capabilities' content='ocr_page ocr_carea ocr_par ocr_line ocrx_word'/>
</head>
<body>
  <div class='ocr_page' id='page_1' title='image "./corpuspoetaruml00webegoog_0191.png"; bbox 0 0 3586 5498; ppageno 0'>
   <div class='ocr_carea' id='block_1_1' title="bbox 118 196 1316 271">
    <p class='ocr_par' dir='ltr' id='par_1_1' title="bbox 118 196 1316 271">
     <span class='ocr_line' id='line_1_1' title="bbox 118 196 1316 271; baseline -0.005 0"><span class='ocrx_word' id='word_1_1' title='bbox 118 196 193 271; x_wconf 62' lang='grc' dir='ltr'>Μ</span> <span class='ocrx_word' id='word_1_2' title='bbox 457 216 492 269; x_wconf 83' lang='lat' dir='ltr'>r.</span> <span class='ocrx_word' id='word_1_3' title='bbox 517 218 662 268; x_wconf 82' lang='lat' dir='ltr'>orrnrr</span> <span class='ocrx_word' id='word_1_4' title='bbox 687 216 871 267; x_wconf 81' lang='lat' dir='ltr'>rasoris</span> <span class='ocrx_word' id='word_1_5' title='bbox 897 214 1137 265; x_wconf 81' lang='lat' dir='ltr'>rssrososs</span> <span class='ocrx_word' id='word_1_6' title='bbox 1168 216 1251 265; x_wconf 82' lang='lat' dir='ltr'>uss.</span> <span class='ocrx_word' id='word_1_7' title='bbox 1276 214 1316 265; x_wconf 87' lang='lat' dir='ltr'>tr.</span> 
     </span>
    </p>
   </div>
   <div class='ocr_carea' id='block_1_2' title="bbox 495 383 1278 466">
    <p class='ocr_par' dir='ltr' id='par_1_2' title="bbox 495 383 1278 466">
     <span class='ocr_line' id='line_1_2' title="bbox 495 383 1278 466; baseline -0.005 0"><span class='ocrx_word' id='word_1_8' title='bbox 495 385 756 466; x_wconf 73' lang='lat' dir='ltr'>bibuli</span> <span class='ocrx_word' id='word_1_9' title='bbox 819 383 1278 464; x_wconf 68' lang='lat' dir='ltr'>secundus„</span> 
     </span>
    </p>
   </div>
   <div class='ocr_carea' id='block_1_3' title="bbox 57 584 1669 4736">
    <p class='ocr_par' dir='ltr' id='par_1_3' title="bbox 57 584 1669 4736">
     <span class='ocr_line' id='line_1_3' title="bbox 119 584 1542 651; baseline -0.001 -12"><span class='ocrx_word' id='word_1_10' title='bbox 119 589 199 640; x_wconf 85' lang='lat' dir='ltr'>lanas</span> <span class='ocrx_word' id='word_1_11' title='bbox 213 588 395 640; x_wconf 74' lang='lat' dir='ltr'>tuberonem:</span> <span class='ocrx_word' id='word_1_12' title='bbox 418 600 475 637; x_wconf 89' lang='lat' dir='ltr'>cum</span> <span class='ocrx_word' id='word_1_13' title='bbox 490 586 603 636; x_wconf 87' lang='lat' dir='ltr'>carmine</span> <span class='ocrx_word' id='word_1_14' title='bbox 620 586 714 635; x_wconf 87' lang='lat' dir='ltr'>crescit</span> <span class='ocrx_word' id='word_1_15' title='bbox 732 593 759 637; x_wconf 91' lang='lat' dir='ltr'>et</span> <span class='ocrx_word' id='word_1_16' title='bbox 773 603 872 650; x_wconf 61' lang='lat' dir='ltr'>aunon</span> <span class='ocrx_word' id='word_1_17' title='bbox 899 586 952 635; x_wconf 74' lang='lat' dir='ltr'>sib</span> <span class='ocrx_word' id='word_1_18' title='bbox 969 600 1019 651; x_wconf 92' lang='lat' dir='ltr'>quo</span> <span class='ocrx_word' id='word_1_19' title='bbox 1032 584 1146 635; x_wconf 87' lang='lat' dir='ltr'>delubris</span> <span class='ocrx_word' id='word_1_20' title='bbox 1160 585 1271 635; x_wconf 87' lang='lat' dir='ltr'>sentitus</span> <span class='ocrx_word' id='word_1_21' title='bbox 1287 584 1364 635; x_wconf 74' lang='lat' dir='ltr'>ualle</span> <span class='ocrx_word' id='word_1_22' title='bbox 1389 592 1542 641; x_wconf 70' lang='lat' dir='ltr'>umecta.</span> 
     </span>
     <span class='ocr_line' id='line_1_4' title="bbox 155 655 1572 718; baseline 0 -9"><span class='ocrx_word' id='word_1_23' title='bbox 155 660 229 709; x_wconf 80' lang='lat' dir='ltr'>Alter</span> <span class='ocrx_word' id='word_1_24' title='bbox 247 667 276 710; x_wconf 90' lang='lat' dir='ltr'>ut</span> <span class='ocrx_word' id='word_1_25' title='bbox 294 661 335 708; x_wconf 90' lang='lat' dir='ltr'>bic</span> <span class='ocrx_word' id='word_1_26' title='bbox 352 659 455 718; x_wconf 88' lang='lat' dir='ltr'>mensis,</span> <span class='ocrx_word' id='word_1_27' title='bbox 474 657 509 705; x_wconf 89' lang='lat' dir='ltr'>sic</span> <span class='ocrx_word' id='word_1_28' title='bbox 527 656 592 706; x_wconf 89' lang='lat' dir='ltr'>liber</span> <span class='ocrx_word' id='word_1_29' title='bbox 609 656 674 703; x_wconf 91' lang='lat' dir='ltr'>alter</span> <span class='ocrx_word' id='word_1_30' title='bbox 693 663 745 707; x_wconf 83' lang='lat' dir='ltr'>eat.</span> <span class='ocrx_word' id='word_1_31' title='bbox 935 656 991 704; x_wconf 80' lang='lat' dir='ltr'>Nec</span> <span class='ocrx_word' id='word_1_32' title='bbox 1007 655 1069 705; x_wconf 84' lang='lat' dir='ltr'>satis</span> <span class='ocrx_word' id='word_1_33' title='bbox 1085 662 1125 703; x_wconf 87' lang='lat' dir='ltr'>est</span> <span class='ocrx_word' id='word_1_34' title='bbox 1144 655 1269 716; x_wconf 84' lang='lat' dir='ltr'>homiues,</span> <span class='ocrx_word' id='word_1_35' title='bbox 1287 655 1395 718; x_wconf 83' lang='lat' dir='ltr'>obligat</span> <span class='ocrx_word' id='word_1_36' title='bbox 1411 658 1465 707; x_wconf 85' lang='lat' dir='ltr'>ille</span> <span class='ocrx_word' id='word_1_37' title='bbox 1488 658 1572 709; x_wconf 84' lang='lat' dir='ltr'>deus.</span> 
     </span>
     <span class='ocr_line' id='line_1_5' title="bbox 120 724 1624 793; baseline 0.001 -15"><span class='ocrx_word' id='word_1_38' title='bbox 120 729 194 778; x_wconf 87' lang='lat' dir='ltr'>Nunc</span> <span class='ocrx_word' id='word_1_39' title='bbox 212 730 321 791; x_wconf 88' lang='lat' dir='ltr'>primum</span> <span class='ocrx_word' id='word_1_40' title='bbox 339 730 412 787; x_wconf 83' lang='lat' dir='ltr'>selis,</span> <span class='ocrx_word' id='word_1_41' title='bbox 431 727 514 788; x_wconf 86' lang='lat' dir='ltr'>Elegi,</span> <span class='ocrx_word' id='word_1_42' title='bbox 533 725 670 775; x_wconf 88' lang='lat' dir='ltr'>maioribus</span> <span class='ocrx_word' id='word_1_43' title='bbox 688 725 744 776; x_wconf 85' lang='lat' dir='ltr'>itis:</span> <span class='ocrx_word' id='word_1_44' title='bbox 898 726 1061 787; x_wconf 85' lang='lat' dir='ltr'>Templorum</span> <span class='ocrx_word' id='word_1_45' title='bbox 1075 724 1180 788; x_wconf 90' lang='lat' dir='ltr'>positor,</span> <span class='ocrx_word' id='word_1_46' title='bbox 1197 725 1353 787; x_wconf 87' lang='lat' dir='ltr'>templorum</span> <span class='ocrx_word' id='word_1_47' title='bbox 1370 734 1478 777; x_wconf 74' lang='lat' dir='ltr'>uncte</span> <span class='ocrx_word' id='word_1_48' title='bbox 1497 732 1624 793; x_wconf 55' lang='lat' dir='ltr'>repam,</span> 
     </span>
     <span class='ocr_line' id='line_1_6' title="bbox 153 794 1477 860; baseline 0 -13"><span class='ocrx_word' id='word_1_49' title='bbox 153 798 289 860; x_wconf 80' lang='lat' dir='ltr'>Exiguum,</span> <span class='ocrx_word' id='word_1_50' title='bbox 307 798 421 858; x_wconf 89' lang='lat' dir='ltr'>memini,</span> <span class='ocrx_word' id='word_1_51' title='bbox 439 809 522 857; x_wconf 89' lang='lat' dir='ltr'>nuper</span> <span class='ocrx_word' id='word_1_52' title='bbox 540 795 618 843; x_wconf 84' lang='lat' dir='ltr'>eratis</span> <span class='ocrx_word' id='word_1_53' title='bbox 636 808 708 856; x_wconf 90' lang='lat' dir='ltr'>opus.</span> <span class='ocrx_word' id='word_1_54' title='bbox 934 794 973 843; x_wconf 84' lang='lat' dir='ltr'>Sit</span> <span class='ocrx_word' id='word_1_55' title='bbox 991 794 1100 857; x_wconf 85' lang='lat' dir='ltr'>superis,</span> <span class='ocrx_word' id='word_1_56' title='bbox 1120 802 1195 856; x_wconf 90' lang='lat' dir='ltr'>opto,</span> <span class='ocrx_word' id='word_1_57' title='bbox 1215 800 1304 843; x_wconf 86' lang='lat' dir='ltr'>mutua</span> <span class='ocrx_word' id='word_1_58' title='bbox 1323 808 1395 845; x_wconf 77' lang='lat' dir='ltr'>cura</span> <span class='ocrx_word' id='word_1_59' title='bbox 1420 796 1477 847; x_wconf 81' lang='lat' dir='ltr'>sat.</span> 
     </span>
     <span class='ocr_line' id='line_1_7' title="bbox 118 862 1658 932; baseline -0.001 -15"><span class='ocrx_word' id='word_1_60' title='bbox 118 867 180 932; x_wconf 88' lang='lat' dir='ltr'>lpse</span> <span class='ocrx_word' id='word_1_61' title='bbox 198 882 246 929; x_wconf 89' lang='lat' dir='ltr'>ego</span> <span class='ocrx_word' id='word_1_62' title='bbox 265 882 309 916; x_wconf 86' lang='lat' dir='ltr'>sos</span> <span class='ocrx_word' id='word_1_63' title='bbox 327 867 404 916; x_wconf 85' lang='lat' dir='ltr'>habui</span> <span class='ocrx_word' id='word_1_64' title='bbox 424 863 512 913; x_wconf 76' lang='lat' dir='ltr'>faciles</span> <span class='ocrx_word' id='word_1_65' title='bbox 530 862 555 911; x_wconf 91' lang='lat' dir='ltr'>in</span> <span class='ocrx_word' id='word_1_66' title='bbox 574 876 660 911; x_wconf 88' lang='lat' dir='ltr'>aurore</span> <span class='ocrx_word' id='word_1_67' title='bbox 679 863 816 928; x_wconf 90' lang='lat' dir='ltr'>ministros,</span> <span class='ocrx_word' id='word_1_68' title='bbox 859 869 873 912; x_wconf 90' lang='grc'><strong>0</strong></span> <span class='ocrx_word' id='word_1_69' title='bbox 900 864 970 913; x_wconf 88' lang='lat' dir='ltr'>Dent</span> <span class='ocrx_word' id='word_1_70' title='bbox 983 864 1028 911; x_wconf 90' lang='lat' dir='ltr'>tibi</span> <span class='ocrx_word' id='word_1_71' title='bbox 1043 865 1177 925; x_wconf 88' lang='lat' dir='ltr'>coelestes,</span> <span class='ocrx_word' id='word_1_72' title='bbox 1195 877 1258 927; x_wconf 91' lang='lat' dir='ltr'>quos</span> <span class='ocrx_word' id='word_1_73' title='bbox 1273 870 1301 913; x_wconf 90' lang='lat' dir='ltr'>tu</span> <span class='ocrx_word' id='word_1_74' title='bbox 1320 865 1513 931; x_wconf 79' lang='lat' dir='ltr'>coelestibus,</span> <span class='ocrx_word' id='word_1_75' title='bbox 1526 880 1617 931; x_wconf 79' lang='lat' dir='ltr'>mss,</span> <span class='ocrx_word' id='word_1_76' title='bbox 1638 868 1658 915; x_wconf 88' lang='lat' dir='ltr'>ll</span> 
     </span>
     <span class='ocr_line' id='line_1_8' title="bbox 155 933 1540 996; baseline 0.001 -10"><span class='ocrx_word' id='word_1_77' title='bbox 155 938 240 988; x_wconf 81' lang='lat' dir='ltr'>Quum</span> <span class='ocrx_word' id='word_1_78' title='bbox 259 937 320 985; x_wconf 90' lang='lat' dir='ltr'>lusit</span> <span class='ocrx_word' id='word_1_79' title='bbox 336 934 448 984; x_wconf 89' lang='lat' dir='ltr'>numeris</span> <span class='ocrx_word' id='word_1_80' title='bbox 466 934 550 996; x_wconf 86' lang='lat' dir='ltr'>prima</span> <span class='ocrx_word' id='word_1_81' title='bbox 568 933 674 981; x_wconf 83' lang='lat' dir='ltr'>iuventa</span> <span class='ocrx_word' id='word_1_82' title='bbox 691 933 751 983; x_wconf 89' lang='lat' dir='ltr'>suis.</span> <span class='ocrx_word' id='word_1_83' title='bbox 935 933 1037 995; x_wconf 82' lang='lat' dir='ltr'><strong>Proque</strong></span> <span class='ocrx_word' id='word_1_84' title='bbox 1053 940 1097 981; x_wconf 91' lang='lat' dir='ltr'>tua</span> <span class='ocrx_word' id='word_1_85' title='bbox 1113 940 1236 983; x_wconf 85' lang='lat' dir='ltr'>maneant</span> <span class='ocrx_word' id='word_1_86' title='bbox 1247 933 1273 980; x_wconf 90' lang='lat' dir='ltr'>iu</span> <span class='ocrx_word' id='word_1_87' title='bbox 1293 934 1417 983; x_wconf 85' lang='lat' dir='ltr'>statione</span> <span class='ocrx_word' id='word_1_88' title='bbox 1438 934 1540 987; x_wconf 77' lang='lat' dir='ltr'>domo.</span> 
     </span>
     <span class='ocr_line' id='line_1_9' title="bbox 119 1000 1582 1071; baseline 0 -16"><span class='ocrx_word' id='word_1_89' title='bbox 119 1006 194 1056; x_wconf 82' lang='lat' dir='ltr'>idem</span> <span class='ocrx_word' id='word_1_90' title='bbox 213 1020 287 1054; x_wconf 86' lang='lat' dir='ltr'>sscra</span> <span class='ocrx_word' id='word_1_91' title='bbox 304 1020 378 1067; x_wconf 88' lang='lat' dir='ltr'>eauo,</span> <span class='ocrx_word' id='word_1_92' title='bbox 397 1004 548 1065; x_wconf 76' lang='lat' dir='ltr'>signataque</span> <span class='ocrx_word' id='word_1_93' title='bbox 566 1009 683 1064; x_wconf 89' lang='lat' dir='ltr'>tempora</span> <span class='ocrx_word' id='word_1_94' title='bbox 701 1000 782 1052; x_wconf 85' lang='lat' dir='ltr'>lastis.</span> <span class='ocrx_word' id='word_1_95' title='bbox 899 1003 971 1051; x_wconf 78' lang='lat' dir='ltr'>Tunc</span> <span class='ocrx_word' id='word_1_96' title='bbox 987 1016 1086 1065; x_wconf 91' lang='lat' dir='ltr'>quoque</span> <span class='ocrx_word' id='word_1_97' title='bbox 1110 1002 1185 1049; x_wconf 88' lang='lat' dir='ltr'>sicini</span> <span class='ocrx_word' id='word_1_98' title='bbox 1208 1003 1280 1051; x_wconf 90' lang='lat' dir='ltr'>lucus</span> <span class='ocrx_word' id='word_1_99' title='bbox 1295 1003 1461 1054; x_wconf 84' lang='lat' dir='ltr'>celebratur</span> <span class='ocrx_word' id='word_1_100' title='bbox 1486 1004 1582 1071; x_wconf 72' lang='lat' dir='ltr'>Asyli,</span> 
     </span>
     <span class='ocr_line' id='line_1_10' title="bbox 155 1070 1616 1141; baseline 0.003 -18"><span class='ocrx_word' id='word_1_101' title='bbox 155 1074 248 1138; x_wconf 84' lang='lat' dir='ltr'>Ecquis</span> <span class='ocrx_word' id='word_1_102' title='bbox 266 1073 299 1123; x_wconf 89' lang='lat' dir='ltr'>ad</span> <span class='ocrx_word' id='word_1_103' title='bbox 318 1075 383 1122; x_wconf 89' lang='lat' dir='ltr'>baec</span> <span class='ocrx_word' id='word_1_104' title='bbox 400 1074 470 1121; x_wconf 90' lang='lat' dir='ltr'>illinc</span> <span class='ocrx_word' id='word_1_105' title='bbox 487 1070 606 1120; x_wconf 87' lang='lat' dir='ltr'>crederet</span> <span class='ocrx_word' id='word_1_106' title='bbox 624 1085 681 1129; x_wconf 84' lang='lat' dir='ltr'>esse</span> <span class='ocrx_word' id='word_1_107' title='bbox 699 1072 782 1120; x_wconf 84' lang='lat' dir='ltr'>viarut</span> <span class='ocrx_word' id='word_1_108' title='bbox 934 1072 993 1122; x_wconf 80' lang='lat' dir='ltr'>Qua</span> <span class='ocrx_word' id='word_1_109' title='bbox 1005 1073 1072 1133; x_wconf 87' lang='lat' dir='ltr'>petit</span> <span class='ocrx_word' id='word_1_110' title='bbox 1089 1085 1230 1134; x_wconf 86' lang='lat' dir='ltr'>aequoreas</span> <span class='ocrx_word' id='word_1_111' title='bbox 1247 1070 1351 1120; x_wconf 88' lang='lat' dir='ltr'>advena</span> <span class='ocrx_word' id='word_1_112' title='bbox 1367 1073 1498 1137; x_wconf 72' lang='lat' dir='ltr'>&#39;thybris</span> <span class='ocrx_word' id='word_1_113' title='bbox 1526 1090 1616 1141; x_wconf 72' lang='lat' dir='ltr'>squas.</span> 
     </span>
     <span class='ocr_line' id='line_1_11' title="bbox 119 1139 1651 1209; baseline 0.001 -15"><span class='ocrx_word' id='word_1_114' title='bbox 119 1144 195 1195; x_wconf 82' lang='lat' dir='ltr'>llaec</span> <span class='ocrx_word' id='word_1_115' title='bbox 202 1159 259 1192; x_wconf 89' lang='lat' dir='ltr'>mea</span> <span class='ocrx_word' id='word_1_116' title='bbox 269 1144 357 1192; x_wconf 88' lang='lat' dir='ltr'>militia</span> <span class='ocrx_word' id='word_1_117' title='bbox 366 1150 421 1192; x_wconf 87' lang='lat' dir='ltr'>est:</span> <span class='ocrx_word' id='word_1_118' title='bbox 436 1142 557 1203; x_wconf 79' lang='lat' dir='ltr'>gerimus,</span> <span class='ocrx_word' id='word_1_119' title='bbox 567 1155 632 1204; x_wconf 83' lang='lat' dir='ltr'>quae</span> <span class='ocrx_word' id='word_1_120' title='bbox 641 1155 784 1202; x_wconf 89' lang='lat' dir='ltr'>possumus,</span> <span class='ocrx_word' id='word_1_121' title='bbox 794 1155 875 1200; x_wconf 74' lang='lat' dir='ltr'>uma,</span> <span class='ocrx_word' id='word_1_122' title='bbox 900 1139 943 1189; x_wconf 93' lang='lat' dir='ltr'>Ad</span> <span class='ocrx_word' id='word_1_123' title='bbox 961 1141 1095 1202; x_wconf 88' lang='lat' dir='ltr'>penetrale</span> <span class='ocrx_word' id='word_1_124' title='bbox 1117 1141 1226 1203; x_wconf 67' lang='lat' dir='ltr'>bornae,</span> <span class='ocrx_word' id='word_1_125' title='bbox 1245 1140 1495 1209; x_wconf 75' lang='lat' dir='ltr'>Capitolinumque</span> <span class='ocrx_word' id='word_1_126' title='bbox 1512 1144 1651 1201; x_wconf 65' lang='lat' dir='ltr'>Terras-r</span> 
     </span>
     <span class='ocr_line' id='line_1_12' title="bbox 156 1209 1658 1277; baseline -0.001 -14"><span class='ocrx_word' id='word_1_127' title='bbox 156 1214 304 1277; x_wconf 80' lang='lat' dir='ltr'>Dextrsque</span> <span class='ocrx_word' id='word_1_128' title='bbox 322 1229 372 1261; x_wconf 93' lang='lat' dir='ltr'>non</span> <span class='ocrx_word' id='word_1_129' title='bbox 391 1212 458 1261; x_wconf 93' lang='lat' dir='ltr'>omui</span> <span class='ocrx_word' id='word_1_130' title='bbox 478 1225 583 1258; x_wconf 86' lang='lat' dir='ltr'>munere</span> <span class='ocrx_word' id='word_1_131' title='bbox 601 1220 688 1259; x_wconf 87' lang='lat' dir='ltr'>nostra</span> <span class='ocrx_word' id='word_1_132' title='bbox 707 1217 790 1260; x_wconf 87' lang='lat' dir='ltr'>vacat.</span> <span class='ocrx_word' id='word_1_133' title='bbox 843 1214 874 1259; x_wconf 90' lang='grc'><strong>10</strong></span> <span class='ocrx_word' id='word_1_134' title='bbox 933 1210 1016 1272; x_wconf 89' lang='lat' dir='ltr'>lrrque</span> <span class='ocrx_word' id='word_1_135' title='bbox 1033 1209 1100 1258; x_wconf 84' lang='lat' dir='ltr'>lovis</span> <span class='ocrx_word' id='word_1_136' title='bbox 1119 1223 1217 1259; x_wconf 89' lang='lat' dir='ltr'>summa</span> <span class='ocrx_word' id='word_1_137' title='bbox 1232 1209 1351 1259; x_wconf 88' lang='lat' dir='ltr'>caeditur</span> <span class='ocrx_word' id='word_1_138' title='bbox 1369 1226 1442 1262; x_wconf 85' lang='lat' dir='ltr'>arce</span> <span class='ocrx_word' id='word_1_139' title='bbox 1468 1214 1583 1265; x_wconf 83' lang='lat' dir='ltr'>bidens.</span> <span class='ocrx_word' id='word_1_140' title='bbox 1638 1216 1658 1261; x_wconf 88' lang='lat' dir='ltr'>ll</span> 
     </span>
     <span class='ocr_line' id='line_1_13' title="bbox 119 1278 1617 1345; baseline 0 -10"><span class='ocrx_word' id='word_1_141' title='bbox 119 1284 147 1335; x_wconf 84' lang='lat' dir='ltr'>Si</span> <span class='ocrx_word' id='word_1_142' title='bbox 165 1283 225 1332; x_wconf 86' lang='lat' dir='ltr'>milti</span> <span class='ocrx_word' id='word_1_143' title='bbox 243 1298 292 1331; x_wconf 92' lang='lat' dir='ltr'>uon</span> <span class='ocrx_word' id='word_1_144' title='bbox 313 1281 397 1331; x_wconf 80' lang='lat' dir='ltr'>valido</span> <span class='ocrx_word' id='word_1_145' title='bbox 416 1289 567 1345; x_wconf 88' lang='lat' dir='ltr'>torquentur</span> <span class='ocrx_word' id='word_1_146' title='bbox 584 1278 636 1340; x_wconf 87' lang='lat' dir='ltr'>pila</span> <span class='ocrx_word' id='word_1_147' title='bbox 655 1281 761 1342; x_wconf 82' lang='lat' dir='ltr'>lacerto,</span> <span class='ocrx_word' id='word_1_148' title='bbox 900 1279 985 1339; x_wconf 88' lang='lat' dir='ltr'>Saepe</span> <span class='ocrx_word' id='word_1_149' title='bbox 1001 1293 1091 1341; x_wconf 81' lang='lat' dir='ltr'>graves</span> <span class='ocrx_word' id='word_1_150' title='bbox 1105 1280 1204 1341; x_wconf 85' lang='lat' dir='ltr'>pluvias</span> <span class='ocrx_word' id='word_1_151' title='bbox 1221 1279 1361 1341; x_wconf 85' lang='lat' dir='ltr'>adopertus</span> <span class='ocrx_word' id='word_1_152' title='bbox 1376 1282 1508 1334; x_wconf 82' lang='lat' dir='ltr'>nubibus</span> <span class='ocrx_word' id='word_1_153' title='bbox 1522 1284 1617 1335; x_wconf 74' lang='lat' dir='ltr'>aether</span> 
     </span>
     <span class='ocr_line' id='line_1_14' title="bbox 156 1348 1570 1413; baseline 0.001 -12"><span class='ocrx_word' id='word_1_154' title='bbox 156 1353 212 1402; x_wconf 85' lang='lat' dir='ltr'>Nec</span> <span class='ocrx_word' id='word_1_155' title='bbox 230 1353 360 1401; x_wconf 83' lang='lat' dir='ltr'>bellatoris</span> <span class='ocrx_word' id='word_1_156' title='bbox 378 1358 453 1413; x_wconf 85' lang='lat' dir='ltr'>terga</span> <span class='ocrx_word' id='word_1_157' title='bbox 471 1358 623 1412; x_wconf 89' lang='lat' dir='ltr'>premuntur</span> <span class='ocrx_word' id='word_1_158' title='bbox 641 1349 713 1411; x_wconf 87' lang='lat' dir='ltr'>eqoi;</span> <span class='ocrx_word' id='word_1_159' title='bbox 934 1348 1063 1408; x_wconf 76' lang='lat' dir='ltr'>Concitet,</span> <span class='ocrx_word' id='word_1_160' title='bbox 1082 1356 1127 1396; x_wconf 87' lang='lat' dir='ltr'>aot</span> <span class='ocrx_word' id='word_1_161' title='bbox 1141 1350 1224 1410; x_wconf 88' lang='lat' dir='ltr'>posita</span> <span class='ocrx_word' id='word_1_162' title='bbox 1239 1350 1286 1397; x_wconf 90' lang='lat' dir='ltr'>suls</span> <span class='ocrx_word' id='word_1_163' title='bbox 1305 1350 1365 1397; x_wconf 87' lang='lat' dir='ltr'>nire</span> <span class='ocrx_word' id='word_1_164' title='bbox 1386 1356 1468 1401; x_wconf 86' lang='lat' dir='ltr'>terra</span> <span class='ocrx_word' id='word_1_165' title='bbox 1486 1353 1570 1403; x_wconf 80' lang='lat' dir='ltr'>tates.</span> 
     </span>
     <span class='ocr_line' id='line_1_15' title="bbox 120 1417 1597 1484; baseline 0 -11"><span class='ocrx_word' id='word_1_166' title='bbox 120 1423 177 1474; x_wconf 80' lang='lat' dir='ltr'>Nec</span> <span class='ocrx_word' id='word_1_167' title='bbox 195 1423 269 1484; x_wconf 86' lang='lat' dir='ltr'>galea</span> <span class='ocrx_word' id='word_1_168' title='bbox 287 1422 407 1483; x_wconf 78' lang='lat' dir='ltr'>tegimur,</span> <span class='ocrx_word' id='word_1_169' title='bbox 426 1434 474 1467; x_wconf 88' lang='lat' dir='ltr'>uec</span> <span class='ocrx_word' id='word_1_170' title='bbox 492 1427 567 1466; x_wconf 81' lang='lat' dir='ltr'>acuto</span> <span class='ocrx_word' id='word_1_171' title='bbox 585 1418 709 1477; x_wconf 79' lang='lat' dir='ltr'>cingimur</span> <span class='ocrx_word' id='word_1_172' title='bbox 727 1431 806 1478; x_wconf 86' lang='lat' dir='ltr'>euse;</span> <span class='ocrx_word' id='word_1_173' title='bbox 900 1418 1034 1467; x_wconf 77' lang='lat' dir='ltr'>Proximus</span> <span class='ocrx_word' id='word_1_174' title='bbox 1054 1417 1196 1480; x_wconf 85' lang='lat' dir='ltr'>Hesperias</span> <span class='ocrx_word' id='word_1_175' title='bbox 1211 1419 1287 1466; x_wconf 86' lang='lat' dir='ltr'>Titan</span> <span class='ocrx_word' id='word_1_176' title='bbox 1305 1418 1433 1467; x_wconf 82' lang='lat' dir='ltr'>abiturus</span> <span class='ocrx_word' id='word_1_177' title='bbox 1454 1422 1484 1470; x_wconf 90' lang='lat' dir='ltr'>iss</span> <span class='ocrx_word' id='word_1_178' title='bbox 1508 1422 1597 1473; x_wconf 80' lang='lat' dir='ltr'>udas</span> 
     </span>
     <span class='ocr_line' id='line_1_16' title="bbox 156 1487 1615 1559; baseline 0.003 -20"><span class='ocrx_word' id='word_1_179' title='bbox 156 1490 204 1539; x_wconf 86' lang='lat' dir='ltr'>His</span> <span class='ocrx_word' id='word_1_180' title='bbox 224 1491 312 1539; x_wconf 88' lang='lat' dir='ltr'>lrsbilis</span> <span class='ocrx_word' id='word_1_181' title='bbox 332 1490 389 1539; x_wconf 88' lang='lat' dir='ltr'>telis</span> <span class='ocrx_word' id='word_1_182' title='bbox 407 1489 515 1551; x_wconf 83' lang='lat' dir='ltr'>quilibet</span> <span class='ocrx_word' id='word_1_183' title='bbox 533 1501 589 1535; x_wconf 86' lang='lat' dir='ltr'>esre</span> <span class='ocrx_word' id='word_1_184' title='bbox 607 1494 707 1547; x_wconf 88' lang='lat' dir='ltr'>potest:</span> <span class='ocrx_word' id='word_1_185' title='bbox 933 1487 1057 1535; x_wconf 85' lang='lat' dir='ltr'>Gemmea</span> <span class='ocrx_word' id='word_1_186' title='bbox 1074 1488 1208 1550; x_wconf 81' lang='lat' dir='ltr'>purpureis</span> <span class='ocrx_word' id='word_1_187' title='bbox 1223 1502 1299 1551; x_wconf 88' lang='lat' dir='ltr'>quum</span> <span class='ocrx_word' id='word_1_188' title='bbox 1315 1488 1378 1551; x_wconf 81' lang='lat' dir='ltr'>iuga</span> <span class='ocrx_word' id='word_1_189' title='bbox 1398 1490 1504 1540; x_wconf 83' lang='lat' dir='ltr'>demet</span> <span class='ocrx_word' id='word_1_190' title='bbox 1520 1493 1615 1559; x_wconf 70' lang='lat' dir='ltr'>equisp</span> 
     </span>
     <span class='ocr_line' id='line_1_17' title="bbox 120 1555 1658 1623; baseline 0 -13"><span class='ocrx_word' id='word_1_191' title='bbox 120 1559 158 1610; x_wconf 91' lang='lat' dir='ltr'>At</span> <span class='ocrx_word' id='word_1_192' title='bbox 175 1566 220 1607; x_wconf 89' lang='lat' dir='ltr'>tua</span> <span class='ocrx_word' id='word_1_193' title='bbox 238 1560 413 1622; x_wconf 80' lang='lat' dir='ltr'>prosequimur</span> <span class='ocrx_word' id='word_1_194' title='bbox 432 1557 546 1605; x_wconf 88' lang='lat' dir='ltr'>studioso</span> <span class='ocrx_word' id='word_1_195' title='bbox 563 1565 685 1617; x_wconf 82' lang='lat' dir='ltr'>pectore,</span> <span class='ocrx_word' id='word_1_196' title='bbox 702 1556 807 1618; x_wconf 86' lang='lat' dir='ltr'>Caesar,</span> <span class='ocrx_word' id='word_1_197' title='bbox 843 1559 874 1605; x_wconf 89' lang='grc'><strong>10</strong></span> <span class='ocrx_word' id='word_1_198' title='bbox 900 1555 949 1606; x_wconf 83' lang='grc' dir='ltr'>111ι</span> <span class='ocrx_word' id='word_1_199' title='bbox 968 1558 1157 1621; x_wconf 87' lang='lat' dir='ltr'>noctesliquis,</span> <span class='ocrx_word' id='word_1_200' title='bbox 1175 1558 1266 1605; x_wconf 90' lang='lat' dir='ltr'>tollens</span> <span class='ocrx_word' id='word_1_201' title='bbox 1281 1556 1314 1605; x_wconf 91' lang='lat' dir='ltr'>ad</span> <span class='ocrx_word' id='word_1_202' title='bbox 1333 1557 1433 1608; x_wconf 84' lang='lat' dir='ltr'>sidera</span> <span class='ocrx_word' id='word_1_203' title='bbox 1458 1562 1567 1623; x_wconf 78' lang='lat' dir='ltr'>vultus,</span> <span class='ocrx_word' id='word_1_204' title='bbox 1638 1564 1658 1609; x_wconf 87' lang='lat' dir='ltr'>tt</span> 
     </span>
     <span class='ocr_line' id='line_1_18' title="bbox 156 1625 1632 1691; baseline 0.003 -14"><span class='ocrx_word' id='word_1_205' title='bbox 156 1629 275 1687; x_wconf 77' lang='lat' dir='ltr'>Nomina,</span> <span class='ocrx_word' id='word_1_206' title='bbox 293 1642 339 1689; x_wconf 89' lang='lat' dir='ltr'>per</span> <span class='ocrx_word' id='word_1_207' title='bbox 358 1628 444 1676; x_wconf 88' lang='lat' dir='ltr'>titulos</span> <span class='ocrx_word' id='word_1_208' title='bbox 463 1625 672 1687; x_wconf 77' lang='lat' dir='ltr'>ingredimurque</span> <span class='ocrx_word' id='word_1_209' title='bbox 690 1631 756 1672; x_wconf 87' lang='lat' dir='ltr'>tuos.</span> <span class='ocrx_word' id='word_1_210' title='bbox 935 1626 1019 1686; x_wconf 86' lang='lat' dir='ltr'>Dicet,</span> <span class='ocrx_word' id='word_1_211' title='bbox 1035 1626 1084 1674; x_wconf 90' lang='lat' dir='ltr'>Ubi</span> <span class='ocrx_word' id='word_1_212' title='bbox 1107 1633 1146 1675; x_wconf 86' lang='lat' dir='ltr'>est</span> <span class='ocrx_word' id='word_1_213' title='bbox 1165 1627 1248 1688; x_wconf 88' lang='lat' dir='ltr'>bodie,</span> <span class='ocrx_word' id='word_1_214' title='bbox 1265 1640 1331 1689; x_wconf 92' lang='lat' dir='ltr'>quae</span> <span class='ocrx_word' id='word_1_215' title='bbox 1355 1626 1435 1691; x_wconf 81' lang='lat' dir='ltr'>Lyra</span> <span class='ocrx_word' id='word_1_216' title='bbox 1457 1627 1543 1680; x_wconf 73' lang='lat' dir='ltr'>fulsit</span> <span class='ocrx_word' id='word_1_217' title='bbox 1563 1632 1632 1681; x_wconf 75' lang='lat' dir='ltr'>besil</span> 
     </span>
     <span class='ocr_line' id='line_1_19' title="bbox 120 1694 1659 1767; baseline 0.004 -21"><span class='ocrx_word' id='word_1_218' title='bbox 120 1696 189 1761; x_wconf 78' lang='lat' dir='ltr'>Ergo</span> <span class='ocrx_word' id='word_1_219' title='bbox 207 1696 280 1757; x_wconf 86' lang='lat' dir='ltr'>ades,</span> <span class='ocrx_word' id='word_1_220' title='bbox 298 1704 325 1745; x_wconf 91' lang='lat' dir='ltr'>et</span> <span class='ocrx_word' id='word_1_221' title='bbox 342 1696 442 1757; x_wconf 88' lang='lat' dir='ltr'>placido</span> <span class='ocrx_word' id='word_1_222' title='bbox 460 1695 562 1757; x_wconf 90' lang='lat' dir='ltr'>paulurn</span> <span class='ocrx_word' id='word_1_223' title='bbox 583 1709 640 1741; x_wconf 85' lang='lat' dir='ltr'>meu</span> <span class='ocrx_word' id='word_1_224' title='bbox 662 1709 768 1742; x_wconf 89' lang='lat' dir='ltr'>munera</span> <span class='ocrx_word' id='word_1_225' title='bbox 787 1694 857 1742; x_wconf 83' lang='lat' dir='ltr'>vultu</span> <span class='ocrx_word' id='word_1_226' title='bbox 901 1696 1018 1758; x_wconf 86' lang='lat' dir='ltr'>Dumque</span> <span class='ocrx_word' id='word_1_227' title='bbox 1034 1695 1126 1758; x_wconf 81' lang='lat' dir='ltr'>Lyram</span> <span class='ocrx_word' id='word_1_228' title='bbox 1142 1696 1252 1760; x_wconf 88' lang='lat' dir='ltr'>quaerit,</span> <span class='ocrx_word' id='word_1_229' title='bbox 1267 1695 1345 1745; x_wconf 89' lang='lat' dir='ltr'>medii</span> <span class='ocrx_word' id='word_1_230' title='bbox 1359 1711 1476 1762; x_wconf 89' lang='lat' dir='ltr'>quoque</span> <span class='ocrx_word' id='word_1_231' title='bbox 1493 1708 1578 1767; x_wconf 77' lang='lat' dir='ltr'>terga</span> <span class='ocrx_word' id='word_1_232' title='bbox 1591 1700 1659 1751; x_wconf 73' lang='lat' dir='ltr'>Ire-¹</span> 
     </span>
     <span class='ocr_line' id='line_1_20' title="bbox 155 1763 1540 1833; baseline 0.002 -18"><span class='ocrx_word' id='word_1_233' title='bbox 155 1766 275 1828; x_wconf 85' lang='lat' dir='ltr'>Respice,</span> <span class='ocrx_word' id='word_1_234' title='bbox 292 1764 410 1828; x_wconf 85' lang='lat' dir='ltr'>pacando</span> <span class='ocrx_word' id='word_1_235' title='bbox 429 1764 449 1812; x_wconf 88' lang='lat' dir='ltr'>si</span> <span class='ocrx_word' id='word_1_236' title='bbox 467 1763 528 1828; x_wconf 90' lang='lat' dir='ltr'>quid</span> <span class='ocrx_word' id='word_1_237' title='bbox 546 1763 579 1810; x_wconf 85' lang='lat' dir='ltr'>ab</span> <span class='ocrx_word' id='word_1_238' title='bbox 598 1764 669 1810; x_wconf 90' lang='lat' dir='ltr'>lroste</span> <span class='ocrx_word' id='word_1_239' title='bbox 687 1778 773 1812; x_wconf 86' lang='lat' dir='ltr'>vacas.</span> <span class='ocrx_word' id='word_1_240' title='bbox 936 1763 966 1811; x_wconf 90' lang='lat' dir='ltr'>ln</span> <span class='ocrx_word' id='word_1_241' title='bbox 983 1764 1091 1828; x_wconf 78' lang='lat' dir='ltr'>liquidae</span> <span class='ocrx_word' id='word_1_242' title='bbox 1105 1764 1188 1814; x_wconf 84' lang='lat' dir='ltr'>subito</span> <span class='ocrx_word' id='word_1_243' title='bbox 1206 1779 1289 1813; x_wconf 87' lang='lat' dir='ltr'>morsa</span> <span class='ocrx_word' id='word_1_244' title='bbox 1308 1766 1414 1815; x_wconf 86' lang='lat' dir='ltr'>notabit</span> <span class='ocrx_word' id='word_1_245' title='bbox 1434 1782 1540 1833; x_wconf 77' lang='lat' dir='ltr'>aquas.</span> 
     </span>
     <span class='ocr_line' id='line_1_21' title="bbox 120 1832 1616 1905; baseline 0.001 -19"><span class='ocrx_word' id='word_1_246' title='bbox 120 1837 223 1887; x_wconf 78' lang='lat' dir='ltr'>Februa</span> <span class='ocrx_word' id='word_1_247' title='bbox 242 1835 350 1883; x_wconf 83' lang='lat' dir='ltr'>Romani</span> <span class='ocrx_word' id='word_1_248' title='bbox 367 1833 457 1882; x_wconf 86' lang='lat' dir='ltr'>dixere</span> <span class='ocrx_word' id='word_1_249' title='bbox 475 1832 587 1896; x_wconf 87' lang='lat' dir='ltr'>piamina</span> <span class='ocrx_word' id='word_1_250' title='bbox 603 1839 706 1893; x_wconf 87' lang='lat' dir='ltr'>patres:</span> <span class='ocrx_word' id='word_1_251' title='bbox 901 1833 983 1883; x_wconf 82' lang='lat' dir='ltr'>Quem</span> <span class='ocrx_word' id='word_1_252' title='bbox 998 1832 1072 1881; x_wconf 91' lang='lat' dir='ltr'>modo</span> <span class='ocrx_word' id='word_1_253' title='bbox 1087 1836 1214 1882; x_wconf 88' lang='lat' dir='ltr'>caelatum</span> <span class='ocrx_word' id='word_1_254' title='bbox 1229 1834 1309 1883; x_wconf 88' lang='lat' dir='ltr'>stellis</span> <span class='ocrx_word' id='word_1_255' title='bbox 1325 1834 1472 1897; x_wconf 82' lang='lat' dir='ltr'>Delphina</span> <span class='ocrx_word' id='word_1_256' title='bbox 1490 1838 1616 1905; x_wconf 64' lang='lat' dir='ltr'>virleu,</span> 
     </span>
     <span class='ocr_line' id='line_1_22' title="bbox 155 1899 1660 1969; baseline 0 -15"><span class='ocrx_word' id='word_1_257' title='bbox 155 1905 230 1954; x_wconf 83' lang='lat' dir='ltr'>Nunc</span> <span class='ocrx_word' id='word_1_258' title='bbox 244 1919 344 1969; x_wconf 87' lang='lat' dir='ltr'>quoque</span> <span class='ocrx_word' id='word_1_259' title='bbox 358 1902 422 1952; x_wconf 89' lang='lat' dir='ltr'>dant</span> <span class='ocrx_word' id='word_1_260' title='bbox 433 1904 510 1950; x_wconf 85' lang='lat' dir='ltr'>verbo</span> <span class='ocrx_word' id='word_1_261' title='bbox 525 1902 634 1963; x_wconf 90' lang='lat' dir='ltr'>plurima</span> <span class='ocrx_word' id='word_1_262' title='bbox 650 1901 722 1963; x_wconf 87' lang='lat' dir='ltr'>signa</span> <span class='ocrx_word' id='word_1_263' title='bbox 736 1899 823 1950; x_wconf 80' lang='lat' dir='ltr'>iidem.</span> <span class='ocrx_word' id='word_1_264' title='bbox 842 1904 874 1949; x_wconf 80' lang='grc'><strong>10</strong></span> <span class='ocrx_word' id='word_1_265' title='bbox 935 1899 961 1949; x_wconf 88' lang='lat' dir='ltr'>la</span> <span class='ocrx_word' id='word_1_266' title='bbox 979 1900 1061 1964; x_wconf 85' lang='lat' dir='ltr'>lugiet</span> <span class='ocrx_word' id='word_1_267' title='bbox 1077 1904 1143 1952; x_wconf 80' lang='lat' dir='ltr'>risus</span> <span class='ocrx_word' id='word_1_268' title='bbox 1161 1910 1236 1952; x_wconf 88' lang='lat' dir='ltr'>nocte</span> <span class='ocrx_word' id='word_1_269' title='bbox 1255 1912 1381 1967; x_wconf 87' lang='lat' dir='ltr'>sequente</span> <span class='ocrx_word' id='word_1_270' title='bbox 1400 1912 1480 1958; x_wconf 89' lang='lat' dir='ltr'>tuos.</span> <span class='ocrx_word' id='word_1_271' title='bbox 1639 1912 1660 1959; x_wconf 68' lang='grc' dir='ltr'>υ</span> 
     </span>
     <span class='ocr_line' id='line_1_23' title="bbox 119 1968 1543 2035; baseline 0 -10"><span class='ocrx_word' id='word_1_272' title='bbox 119 1972 260 2025; x_wconf 87' lang='lat' dir='ltr'>Poutilices</span> <span class='ocrx_word' id='word_1_273' title='bbox 278 1974 311 2022; x_wconf 87' lang='lat' dir='ltr'>ab</span> <span class='ocrx_word' id='word_1_274' title='bbox 330 1973 401 2035; x_wconf 83' lang='lat' dir='ltr'>Rege</span> <span class='ocrx_word' id='word_1_275' title='bbox 419 1978 512 2035; x_wconf 89' lang='lat' dir='ltr'>petunt</span> <span class='ocrx_word' id='word_1_276' title='bbox 530 1978 556 2019; x_wconf 88' lang='lat' dir='ltr'>et</span> <span class='ocrx_word' id='word_1_277' title='bbox 574 1970 690 2019; x_wconf 79' lang='lat' dir='ltr'>Flumine</span> <span class='ocrx_word' id='word_1_278' title='bbox 708 1971 790 2032; x_wconf 88' lang='lat' dir='ltr'>lanas,</span> <span class='ocrx_word' id='word_1_279' title='bbox 900 1972 951 2019; x_wconf 89' lang='lat' dir='ltr'>Seu</span> <span class='ocrx_word' id='word_1_280' title='bbox 968 1968 1014 2018; x_wconf 80' lang='lat' dir='ltr'>luit</span> <span class='ocrx_word' id='word_1_281' title='bbox 1032 1973 1137 2021; x_wconf 81' lang='lat' dir='ltr'>occultis</span> <span class='ocrx_word' id='word_1_282' title='bbox 1159 1969 1220 2021; x_wconf 81' lang='lat' dir='ltr'>l&#39;eliu</span> <span class='ocrx_word' id='word_1_283' title='bbox 1234 1973 1259 2021; x_wconf 89' lang='lat' dir='ltr'>irs</span> <span class='ocrx_word' id='word_1_284' title='bbox 1280 1973 1413 2022; x_wconf 85' lang='lat' dir='ltr'>amoribus</span> <span class='ocrx_word' id='word_1_285' title='bbox 1431 1974 1543 2027; x_wconf 80' lang='lat' dir='ltr'>iudexs</span> 
     </span>
     <span class='ocr_line' id='line_1_24' title="bbox 156 2039 1579 2109; baseline 0.002 -17"><span class='ocrx_word' id='word_1_286' title='bbox 156 2045 220 2095; x_wconf 83' lang='lat' dir='ltr'>Quis</span> <span class='ocrx_word' id='word_1_287' title='bbox 238 2043 319 2091; x_wconf 86' lang='lat' dir='ltr'>veteri</span> <span class='ocrx_word' id='word_1_288' title='bbox 338 2043 424 2105; x_wconf 89' lang='lat' dir='ltr'>lingua</span> <span class='ocrx_word' id='word_1_289' title='bbox 443 2040 533 2090; x_wconf 86' lang='lat' dir='ltr'>lebrua</span> <span class='ocrx_word' id='word_1_290' title='bbox 552 2055 644 2088; x_wconf 87' lang='lat' dir='ltr'>nomeu</span> <span class='ocrx_word' id='word_1_291' title='bbox 664 2045 729 2088; x_wconf 87' lang='lat' dir='ltr'>erat.</span> <span class='ocrx_word' id='word_1_292' title='bbox 933 2039 1044 2089; x_wconf 81' lang='lat' dir='ltr'>Lesbida</span> <span class='ocrx_word' id='word_1_293' title='bbox 1062 2056 1118 2089; x_wconf 90' lang='lat' dir='ltr'>cum</span> <span class='ocrx_word' id='word_1_294' title='bbox 1137 2041 1239 2091; x_wconf 90' lang='lat' dir='ltr'>domiuo</span> <span class='ocrx_word' id='word_1_295' title='bbox 1262 2055 1307 2090; x_wconf 87' lang='lat' dir='ltr'>seu</span> <span class='ocrx_word' id='word_1_296' title='bbox 1326 2042 1387 2092; x_wconf 86' lang='lat' dir='ltr'>tulit</span> <span class='ocrx_word' id='word_1_297' title='bbox 1402 2042 1456 2094; x_wconf 88' lang='lat' dir='ltr'>ille</span> <span class='ocrx_word' id='word_1_298' title='bbox 1475 2046 1579 2109; x_wconf 74' lang='lat' dir='ltr'>tyran.</span> 
     </span>
     <span class='ocr_line' id='line_1_25' title="bbox 120 2108 1661 2176; baseline -0.001 -14"><span class='ocrx_word' id='word_1_299' title='bbox 120 2114 245 2176; x_wconf 78' lang='lat' dir='ltr'>Quaeque</span> <span class='ocrx_word' id='word_1_300' title='bbox 262 2112 332 2175; x_wconf 88' lang='lat' dir='ltr'>capit</span> <span class='ocrx_word' id='word_1_301' title='bbox 350 2113 425 2160; x_wconf 88' lang='lat' dir='ltr'>lictor</span> <span class='ocrx_word' id='word_1_302' title='bbox 443 2110 558 2159; x_wconf 76' lang='lat' dir='ltr'>domibus</span> <span class='ocrx_word' id='word_1_303' title='bbox 577 2111 729 2172; x_wconf 83' lang='lat' dir='ltr'>purgamina</span> <span class='ocrx_word' id='word_1_304' title='bbox 747 2108 834 2170; x_wconf 89' lang='lat' dir='ltr'>certis,</span> <span class='ocrx_word' id='word_1_305' title='bbox 900 2109 976 2160; x_wconf 79' lang='lat' dir='ltr'>Quod</span> <span class='ocrx_word' id='word_1_306' title='bbox 991 2125 1061 2158; x_wconf 86' lang='lat' dir='ltr'>mare</span> <span class='ocrx_word' id='word_1_307' title='bbox 1078 2125 1128 2158; x_wconf 89' lang='lat' dir='ltr'>uon</span> <span class='ocrx_word' id='word_1_308' title='bbox 1151 2111 1231 2171; x_wconf 89' lang='lat' dir='ltr'>novit,</span> <span class='ocrx_word' id='word_1_309' title='bbox 1251 2124 1317 2175; x_wconf 84' lang='lat' dir='ltr'>quse</span> <span class='ocrx_word' id='word_1_310' title='bbox 1340 2112 1432 2162; x_wconf 84' lang='lat' dir='ltr'>nescit</span> <span class='ocrx_word' id='word_1_311' title='bbox 1455 2112 1572 2167; x_wconf 70' lang='lat' dir='ltr'>Ariona</span> <span class='ocrx_word' id='word_1_312' title='bbox 1590 2116 1661 2169; x_wconf 69' lang='lat' dir='ltr'>teht</span> 
     </span>
     <span class='ocr_line' id='line_1_26' title="bbox 151 2178 1661 2253; baseline 0.001 -21"><span class='ocrx_word' id='word_1_313' title='bbox 151 2181 261 2232; x_wconf 81' lang='lat' dir='ltr'>Torrida</span> <span class='ocrx_word' id='word_1_314' title='bbox 279 2197 336 2230; x_wconf 85' lang='lat' dir='ltr'>cum</span> <span class='ocrx_word' id='word_1_315' title='bbox 355 2182 420 2230; x_wconf 89' lang='lat' dir='ltr'>miea</span> <span class='ocrx_word' id='word_1_316' title='bbox 438 2178 517 2240; x_wconf 82' lang='lat' dir='ltr'>t&#39;arra,</span> <span class='ocrx_word' id='word_1_317' title='bbox 535 2187 658 2229; x_wconf 84' lang='lat' dir='ltr'>vocantur</span> <span class='ocrx_word' id='word_1_318' title='bbox 675 2179 753 2228; x_wconf 91' lang='lat' dir='ltr'>idem.</span> <span class='ocrx_word' id='word_1_319' title='bbox 934 2179 1054 2228; x_wconf 88' lang='lat' dir='ltr'>Carmine</span> <span class='ocrx_word' id='word_1_320' title='bbox 1071 2186 1205 2229; x_wconf 85' lang='lat' dir='ltr'>curreutes</span> <span class='ocrx_word' id='word_1_321' title='bbox 1219 2180 1262 2229; x_wconf 91' lang='lat' dir='ltr'>ille</span> <span class='ocrx_word' id='word_1_322' title='bbox 1281 2179 1391 2229; x_wconf 83' lang='lat' dir='ltr'>tenebat</span> <span class='ocrx_word' id='word_1_323' title='bbox 1411 2196 1519 2247; x_wconf 67' lang='lat' dir='ltr'>equas.</span> <span class='ocrx_word' id='word_1_324' title='bbox 1630 2186 1661 2253; x_wconf 80' lang='lat' dir='ltr'>[tl</span> 
     </span>
     <span class='ocr_line' id='line_1_27' title="bbox 119 2248 1661 2315; baseline 0.001 -14"><span class='ocrx_word' id='word_1_325' title='bbox 119 2251 219 2301; x_wconf 86' lang='lat' dir='ltr'>Nomen</span> <span class='ocrx_word' id='word_1_326' title='bbox 239 2251 307 2301; x_wconf 88' lang='lat' dir='ltr'>idern</span> <span class='ocrx_word' id='word_1_327' title='bbox 327 2266 406 2311; x_wconf 90' lang='lat' dir='ltr'>ramo,</span> <span class='ocrx_word' id='word_1_328' title='bbox 418 2250 470 2315; x_wconf 90' lang='lat' dir='ltr'>qui,</span> <span class='ocrx_word' id='word_1_329' title='bbox 486 2264 575 2298; x_wconf 87' lang='lat' dir='ltr'>caesus</span> <span class='ocrx_word' id='word_1_330' title='bbox 595 2250 627 2297; x_wconf 85' lang='lat' dir='ltr'>ab</span> <span class='ocrx_word' id='word_1_331' title='bbox 643 2250 734 2298; x_wconf 87' lang='lat' dir='ltr'>arbore</span> <span class='ocrx_word' id='word_1_332' title='bbox 748 2262 823 2311; x_wconf 86' lang='lat' dir='ltr'>pura,</span> <span class='ocrx_word' id='word_1_333' title='bbox 842 2250 874 2295; x_wconf 76' lang='grc'><strong>10</strong></span> <span class='ocrx_word' id='word_1_334' title='bbox 900 2248 994 2311; x_wconf 87' lang='lat' dir='ltr'>Saepe,</span> <span class='ocrx_word' id='word_1_335' title='bbox 1007 2263 1116 2312; x_wconf 88' lang='lat' dir='ltr'>sequens</span> <span class='ocrx_word' id='word_1_336' title='bbox 1129 2263 1232 2311; x_wconf 84' lang='lat' dir='ltr'>aguam,</span> <span class='ocrx_word' id='word_1_337' title='bbox 1247 2251 1321 2312; x_wconf 89' lang='lat' dir='ltr'>lupus</span> <span class='ocrx_word' id='word_1_338' title='bbox 1334 2256 1374 2297; x_wconf 86' lang='lat' dir='ltr'>est</span> <span class='ocrx_word' id='word_1_339' title='bbox 1388 2250 1445 2301; x_wconf 80' lang='lat' dir='ltr'>isac</span> <span class='ocrx_word' id='word_1_340' title='bbox 1462 2267 1538 2305; x_wconf 82' lang='lat' dir='ltr'>soee</span> <span class='ocrx_word' id='word_1_341' title='bbox 1547 2262 1661 2307; x_wconf 68' lang='lat' dir='ltr'>resume</span> 
     </span>
     <span class='ocr_line' id='line_1_28' title="bbox 153 2315 1603 2388; baseline 0.002 -17"><span class='ocrx_word' id='word_1_342' title='bbox 153 2320 230 2371; x_wconf 86' lang='lat' dir='ltr'>Casta</span> <span class='ocrx_word' id='word_1_343' title='bbox 249 2319 411 2371; x_wconf 88' lang='lat' dir='ltr'>sacerdotum</span> <span class='ocrx_word' id='word_1_344' title='bbox 431 2329 547 2381; x_wconf 84' lang='lat' dir='ltr'>tempora</span> <span class='ocrx_word' id='word_1_345' title='bbox 566 2315 656 2367; x_wconf 91' lang='lat' dir='ltr'>l&#39;roude</span> <span class='ocrx_word' id='word_1_346' title='bbox 674 2319 747 2381; x_wconf 89' lang='lat' dir='ltr'>tegit.</span> <span class='ocrx_word' id='word_1_347' title='bbox 934 2319 1020 2381; x_wconf 74' lang='lat' dir='ltr'>Saepe</span> <span class='ocrx_word' id='word_1_348' title='bbox 1041 2317 1143 2366; x_wconf 87' lang='lat' dir='ltr'>aridum</span> <span class='ocrx_word' id='word_1_349' title='bbox 1161 2316 1260 2379; x_wconf 84' lang='lat' dir='ltr'>lugiens</span> <span class='ocrx_word' id='word_1_350' title='bbox 1275 2318 1371 2368; x_wconf 90' lang='lat' dir='ltr'>restitit</span> <span class='ocrx_word' id='word_1_351' title='bbox 1389 2334 1468 2381; x_wconf 81' lang='lat' dir='ltr'>agua</span> <span class='ocrx_word' id='word_1_352' title='bbox 1489 2324 1603 2388; x_wconf 77' lang='lat' dir='ltr'>lupun:</span> 
     </span>
     <span class='ocr_line' id='line_1_29' title="bbox 118 2385 1636 2457; baseline -0.002 -17"><span class='ocrx_word' id='word_1_353' title='bbox 118 2389 180 2455; x_wconf 85' lang='lat' dir='ltr'>lpse</span> <span class='ocrx_word' id='word_1_354' title='bbox 199 2404 246 2453; x_wconf 90' lang='lat' dir='ltr'>ego</span> <span class='ocrx_word' id='word_1_355' title='bbox 264 2390 430 2438; x_wconf 75' lang='lat' dir='ltr'>Flamininum</span> <span class='ocrx_word' id='word_1_356' title='bbox 449 2394 597 2450; x_wconf 89' lang='lat' dir='ltr'>poscentem</span> <span class='ocrx_word' id='word_1_357' title='bbox 618 2386 707 2436; x_wconf 77' lang='lat' dir='ltr'>februa</span> <span class='ocrx_word' id='word_1_358' title='bbox 726 2385 793 2435; x_wconf 81' lang='lat' dir='ltr'>ridi:</span> <span class='ocrx_word' id='word_1_359' title='bbox 900 2387 984 2449; x_wconf 81' lang='lat' dir='ltr'>Saepe</span> <span class='ocrx_word' id='word_1_360' title='bbox 1001 2401 1078 2435; x_wconf 89' lang='lat' dir='ltr'>canes</span> <span class='ocrx_word' id='word_1_361' title='bbox 1091 2388 1243 2453; x_wconf 89' lang='lat' dir='ltr'>leporesque</span> <span class='ocrx_word' id='word_1_362' title='bbox 1264 2389 1353 2436; x_wconf 89' lang='lat' dir='ltr'>umbra</span> <span class='ocrx_word' id='word_1_363' title='bbox 1373 2387 1493 2441; x_wconf 82' lang='lat' dir='ltr'>iacuere</span> <span class='ocrx_word' id='word_1_364' title='bbox 1510 2396 1566 2445; x_wconf 70' lang='grc' dir='ltr'>ιιι</span> <span class='ocrx_word' id='word_1_365' title='bbox 1582 2410 1636 2457; x_wconf 71' lang='lat' dir='ltr'>n,</span> 
     </span>
     <span class='ocr_line' id='line_1_30' title="bbox 154 2455 1512 2520; baseline 0.002 -11"><span class='ocrx_word' id='word_1_366' title='bbox 154 2461 256 2509; x_wconf 79' lang='lat' dir='ltr'>Februo</span> <span class='ocrx_word' id='word_1_367' title='bbox 275 2459 389 2520; x_wconf 89' lang='lat' dir='ltr'>poscenti</span> <span class='ocrx_word' id='word_1_368' title='bbox 408 2458 485 2518; x_wconf 87' lang='lat' dir='ltr'>pinea</span> <span class='ocrx_word' id='word_1_369' title='bbox 504 2457 574 2518; x_wconf 81' lang='lat' dir='ltr'>virga</span> <span class='ocrx_word' id='word_1_370' title='bbox 593 2455 657 2504; x_wconf 81' lang='lat' dir='ltr'>datu</span> <span class='ocrx_word' id='word_1_371' title='bbox 675 2463 721 2504; x_wconf 91' lang='lat' dir='ltr'>est.</span> <span class='ocrx_word' id='word_1_372' title='bbox 934 2456 969 2504; x_wconf 82' lang='lat' dir='ltr'>Et</span> <span class='ocrx_word' id='word_1_373' title='bbox 982 2456 1053 2504; x_wconf 90' lang='lat' dir='ltr'>stetit</span> <span class='ocrx_word' id='word_1_374' title='bbox 1072 2458 1096 2504; x_wconf 92' lang='lat' dir='ltr'>in</span> <span class='ocrx_word' id='word_1_375' title='bbox 1114 2471 1176 2505; x_wconf 83' lang='lat' dir='ltr'>saxo</span> <span class='ocrx_word' id='word_1_376' title='bbox 1195 2458 1310 2520; x_wconf 82' lang='lat' dir='ltr'>proxima</span> <span class='ocrx_word' id='word_1_377' title='bbox 1324 2470 1404 2506; x_wconf 85' lang='lat' dir='ltr'>cerva</span> <span class='ocrx_word' id='word_1_378' title='bbox 1423 2459 1512 2512; x_wconf 85' lang='lat' dir='ltr'>leae:</span> 
     </span>
     <span class='ocr_line' id='line_1_31' title="bbox 119 2522 1584 2592; baseline -0.001 -14"><span class='ocrx_word' id='word_1_379' title='bbox 119 2529 239 2592; x_wconf 83' lang='lat' dir='ltr'>Denique</span> <span class='ocrx_word' id='word_1_380' title='bbox 249 2526 427 2590; x_wconf 90' lang='lat' dir='ltr'>quodcumque</span> <span class='ocrx_word' id='word_1_381' title='bbox 434 2532 538 2588; x_wconf 89' lang='lat' dir='ltr'>est,quo</span> <span class='ocrx_word' id='word_1_382' title='bbox 552 2533 657 2586; x_wconf 85' lang='lat' dir='ltr'>pectora</span> <span class='ocrx_word' id='word_1_383' title='bbox 671 2524 874 2586; x_wconf 86' lang='lat' dir='ltr'>nostrapiamur,</span> <span class='ocrx_word' id='word_1_384' title='bbox 901 2526 934 2573; x_wconf 76' lang='lat' dir='ltr'>lit</span> <span class='ocrx_word' id='word_1_385' title='bbox 951 2524 1005 2572; x_wconf 88' lang='lat' dir='ltr'>sine</span> <span class='ocrx_word' id='word_1_386' title='bbox 1017 2527 1061 2574; x_wconf 92' lang='lat' dir='ltr'>lite</span> <span class='ocrx_word' id='word_1_387' title='bbox 1081 2525 1173 2588; x_wconf 82' lang='lat' dir='ltr'>loquax</span> <span class='ocrx_word' id='word_1_388' title='bbox 1190 2541 1247 2575; x_wconf 89' lang='lat' dir='ltr'>cusu</span> <span class='ocrx_word' id='word_1_389' title='bbox 1259 2525 1374 2576; x_wconf 84' lang='lat' dir='ltr'>Palladis</span> <span class='ocrx_word' id='word_1_390' title='bbox 1392 2522 1462 2577; x_wconf 88' lang='lat' dir='ltr'>alite</span> <span class='ocrx_word' id='word_1_391' title='bbox 1479 2532 1584 2585; x_wconf 70' lang='lat' dir='ltr'>conix</span> 
     </span>
     <span class='ocr_line' id='line_1_32' title="bbox 155 2593 1657 2657; baseline 0.005 -11"><span class='ocrx_word' id='word_1_392' title='bbox 155 2598 212 2647; x_wconf 77' lang='lat' dir='ltr'>troc</span> <span class='ocrx_word' id='word_1_393' title='bbox 230 2595 298 2657; x_wconf 90' lang='lat' dir='ltr'>apud</span> <span class='ocrx_word' id='word_1_394' title='bbox 317 2596 431 2643; x_wconf 88' lang='lat' dir='ltr'>intonsos</span> <span class='ocrx_word' id='word_1_395' title='bbox 450 2608 541 2641; x_wconf 89' lang='lat' dir='ltr'>nomon</span> <span class='ocrx_word' id='word_1_396' title='bbox 561 2594 673 2641; x_wconf 81' lang='lat' dir='ltr'>babebat</span> <span class='ocrx_word' id='word_1_397' title='bbox 690 2608 760 2642; x_wconf 84' lang='lat' dir='ltr'>aros.</span> <span class='ocrx_word' id='word_1_398' title='bbox 842 2596 874 2641; x_wconf 80' lang='grc'>00</span> <span class='ocrx_word' id='word_1_399' title='bbox 935 2593 1017 2655; x_wconf 86' lang='lat' dir='ltr'>Sedit,</span> <span class='ocrx_word' id='word_1_400' title='bbox 1033 2602 1060 2643; x_wconf 93' lang='lat' dir='ltr'>et</span> <span class='ocrx_word' id='word_1_401' title='bbox 1078 2596 1192 2657; x_wconf 77' lang='lat' dir='ltr'>accipitri</span> <span class='ocrx_word' id='word_1_402' title='bbox 1207 2596 1292 2644; x_wconf 87' lang='lat' dir='ltr'>iuncta</span> <span class='ocrx_word' id='word_1_403' title='bbox 1310 2595 1432 2645; x_wconf 87' lang='lat' dir='ltr'>columba</span> <span class='ocrx_word' id='word_1_404' title='bbox 1453 2596 1524 2651; x_wconf 81' lang='lat' dir='ltr'>fuit.</span> <span class='ocrx_word' id='word_1_405' title='bbox 1635 2602 1657 2651; x_wconf 74' lang='grc' dir='ltr'>Ι</span> 
     </span>
     <span class='ocr_line' id='line_1_33' title="bbox 119 2661 1530 2733; baseline 0.001 -19"><span class='ocrx_word' id='word_1_406' title='bbox 119 2666 217 2717; x_wconf 82' lang='lat' dir='ltr'>Mensis</span> <span class='ocrx_word' id='word_1_407' title='bbox 235 2665 267 2713; x_wconf 86' lang='lat' dir='ltr'>ab</span> <span class='ocrx_word' id='word_1_408' title='bbox 286 2664 324 2712; x_wconf 91' lang='lat' dir='ltr'>bis</span> <span class='ocrx_word' id='word_1_409' title='bbox 342 2662 434 2724; x_wconf 88' lang='lat' dir='ltr'>dictus,</span> <span class='ocrx_word' id='word_1_410' title='bbox 452 2670 521 2711; x_wconf 88' lang='lat' dir='ltr'>recta</span> <span class='ocrx_word' id='word_1_411' title='bbox 540 2664 599 2726; x_wconf 84' lang='lat' dir='ltr'>quia</span> <span class='ocrx_word' id='word_1_412' title='bbox 619 2664 686 2724; x_wconf 87' lang='lat' dir='ltr'>pelle</span> <span class='ocrx_word' id='word_1_413' title='bbox 705 2661 816 2725; x_wconf 83' lang='lat' dir='ltr'>Luperci</span> <span class='ocrx_word' id='word_1_414' title='bbox 901 2663 1011 2726; x_wconf 81' lang='lat' dir='ltr'>Cyutbia</span> <span class='ocrx_word' id='word_1_415' title='bbox 1029 2679 1107 2725; x_wconf 83' lang='lat' dir='ltr'>saepe</span> <span class='ocrx_word' id='word_1_416' title='bbox 1127 2665 1176 2713; x_wconf 84' lang='lat' dir='ltr'>tuis</span> <span class='ocrx_word' id='word_1_417' title='bbox 1194 2662 1284 2723; x_wconf 83' lang='lat' dir='ltr'>fertur,</span> <span class='ocrx_word' id='word_1_418' title='bbox 1306 2665 1403 2714; x_wconf 83' lang='lat' dir='ltr'>vocalis</span> <span class='ocrx_word' id='word_1_419' title='bbox 1422 2666 1530 2733; x_wconf 84' lang='lat' dir='ltr'>Arion,</span> 
     </span>
     <span class='ocr_line' id='line_1_34' title="bbox 155 2731 1508 2796; baseline 0.004 -15"><span class='ocrx_word' id='word_1_420' title='bbox 155 2735 240 2785; x_wconf 86' lang='lat' dir='ltr'>Omne</span> <span class='ocrx_word' id='word_1_421' title='bbox 257 2734 335 2781; x_wconf 87' lang='lat' dir='ltr'>solum</span> <span class='ocrx_word' id='word_1_422' title='bbox 353 2734 472 2791; x_wconf 88' lang='lat' dir='ltr'>lustrant,</span> <span class='ocrx_word' id='word_1_423' title='bbox 489 2732 567 2795; x_wconf 90' lang='lat' dir='ltr'>idque</span> <span class='ocrx_word' id='word_1_424' title='bbox 586 2732 686 2793; x_wconf 88' lang='lat' dir='ltr'>piaureu</span> <span class='ocrx_word' id='word_1_425' title='bbox 704 2734 817 2792; x_wconf 71' lang='lat' dir='ltr'>hubent,</span> <span class='ocrx_word' id='word_1_426' title='bbox 933 2734 1063 2796; x_wconf 78' lang='lat' dir='ltr'>Tanquam</span> <span class='ocrx_word' id='word_1_427' title='bbox 1081 2731 1202 2783; x_wconf 81' lang='lat' dir='ltr'>fraternis</span> <span class='ocrx_word' id='word_1_428' title='bbox 1221 2734 1381 2796; x_wconf 72' lang='lat' dir='ltr'>obstupuisse</span> <span class='ocrx_word' id='word_1_429' title='bbox 1401 2736 1508 2789; x_wconf 85' lang='lat' dir='ltr'>modis.</span> 
     </span>
     <span class='ocr_line' id='line_1_35' title="bbox 120 2800 1570 2872; baseline 0.006 -20"><span class='ocrx_word' id='word_1_430' title='bbox 120 2803 176 2853; x_wconf 90' lang='lat' dir='ltr'>Ant</span> <span class='ocrx_word' id='word_1_431' title='bbox 187 2803 246 2866; x_wconf 88' lang='lat' dir='ltr'>quia</span> <span class='ocrx_word' id='word_1_432' title='bbox 263 2802 370 2864; x_wconf 80' lang='lat' dir='ltr'>piaculis</span> <span class='ocrx_word' id='word_1_433' title='bbox 387 2808 446 2849; x_wconf 89' lang='lat' dir='ltr'>sunt</span> <span class='ocrx_word' id='word_1_434' title='bbox 459 2807 575 2862; x_wconf 88' lang='lat' dir='ltr'>tempora</span> <span class='ocrx_word' id='word_1_435' title='bbox 594 2816 658 2863; x_wconf 81' lang='lat' dir='ltr'>pura</span> <span class='ocrx_word' id='word_1_436' title='bbox 674 2801 807 2864; x_wconf 84' lang='lat' dir='ltr'>sepulcris,</span> <span class='ocrx_word' id='word_1_437' title='bbox 901 2802 998 2851; x_wconf 81' lang='lat' dir='ltr'>Nomen</span> <span class='ocrx_word' id='word_1_438' title='bbox 1016 2800 1147 2850; x_wconf 90' lang='lat' dir='ltr'>Arionium</span> <span class='ocrx_word' id='word_1_439' title='bbox 1164 2803 1261 2852; x_wconf 89' lang='lat' dir='ltr'>Siculas</span> <span class='ocrx_word' id='word_1_440' title='bbox 1282 2804 1440 2865; x_wconf 80' lang='lat' dir='ltr'>implerent</span> <span class='ocrx_word' id='word_1_441' title='bbox 1459 2810 1570 2872; x_wconf 76' lang='lat' dir='ltr'>usbes3</span> 
     </span>
     <span class='ocr_line' id='line_1_36' title="bbox 152 2868 1565 2935; baseline 0.002 -15"><span class='ocrx_word' id='word_1_442' title='bbox 152 2873 226 2922; x_wconf 80' lang='lat' dir='ltr'>Tunc</span> <span class='ocrx_word' id='word_1_443' title='bbox 246 2885 321 2935; x_wconf 90' lang='lat' dir='ltr'>quum</span> <span class='ocrx_word' id='word_1_444' title='bbox 337 2868 431 2919; x_wconf 83' lang='lat' dir='ltr'>ferales</span> <span class='ocrx_word' id='word_1_445' title='bbox 446 2871 604 2931; x_wconf 88' lang='lat' dir='ltr'>praeteriere</span> <span class='ocrx_word' id='word_1_446' title='bbox 615 2870 681 2918; x_wconf 88' lang='lat' dir='ltr'>dics.</span> <span class='ocrx_word' id='word_1_447' title='bbox 934 2871 1067 2934; x_wconf 86' lang='lat' dir='ltr'>Captaque</span> <span class='ocrx_word' id='word_1_448' title='bbox 1086 2878 1142 2920; x_wconf 85' lang='lat' dir='ltr'>erat</span> <span class='ocrx_word' id='word_1_449' title='bbox 1162 2873 1246 2934; x_wconf 79' lang='lat' dir='ltr'>lyricis</span> <span class='ocrx_word' id='word_1_450' title='bbox 1270 2872 1380 2922; x_wconf 86' lang='lat' dir='ltr'>Ausonis</span> <span class='ocrx_word' id='word_1_451' title='bbox 1396 2889 1446 2923; x_wconf 88' lang='lat' dir='ltr'>ora</span> <span class='ocrx_word' id='word_1_452' title='bbox 1471 2879 1565 2930; x_wconf 63' lang='lat' dir='ltr'>soum,</span> 
     </span>
     <span class='ocr_line' id='line_1_37' title="bbox 121 2938 1658 3011; baseline 0.006 -23"><span class='ocrx_word' id='word_1_453' title='bbox 121 2941 206 2992; x_wconf 87' lang='lat' dir='ltr'>Omne</span> <span class='ocrx_word' id='word_1_454' title='bbox 220 2938 303 3001; x_wconf 82' lang='lat' dir='ltr'>nolas,</span> <span class='ocrx_word' id='word_1_455' title='bbox 318 2953 468 3002; x_wconf 84' lang='lat' dir='ltr'>omnemque</span> <span class='ocrx_word' id='word_1_456' title='bbox 485 2939 544 2986; x_wconf 85' lang='lat' dir='ltr'>nrali</span> <span class='ocrx_word' id='word_1_457' title='bbox 557 2939 708 3000; x_wconf 85' lang='lat' dir='ltr'>purgamina</span> <span class='ocrx_word' id='word_1_458' title='bbox 723 2953 826 2987; x_wconf 79' lang='lat' dir='ltr'>censam</span> <span class='ocrx_word' id='word_1_459' title='bbox 842 2943 873 2987; x_wconf 77' lang='grc'>00</span> <span class='ocrx_word' id='word_1_460' title='bbox 900 2940 966 2990; x_wconf 90' lang='lat' dir='ltr'>lude</span> <span class='ocrx_word' id='word_1_461' title='bbox 980 2940 1081 2988; x_wconf 88' lang='lat' dir='ltr'>domurn</span> <span class='ocrx_word' id='word_1_462' title='bbox 1094 2949 1216 3003; x_wconf 79' lang='lat' dir='ltr'>repetens</span> <span class='ocrx_word' id='word_1_463' title='bbox 1231 2944 1336 3005; x_wconf 86' lang='lat' dir='ltr'>puppim</span> <span class='ocrx_word' id='word_1_464' title='bbox 1351 2946 1519 2999; x_wconf 81' lang='lat' dir='ltr'>conscendit</span> <span class='ocrx_word' id='word_1_465' title='bbox 1538 2948 1658 3011; x_wconf 56' lang='lat' dir='ltr'>Arion!</span> 
     </span>
     <span class='ocr_line' id='line_1_38' title="bbox 82 3001 1514 3077; baseline 0.003 -17"><span class='ocrx_word' id='word_1_466' title='bbox 82 3001 86 3007; x_wconf 74' lang='grc'><strong>’</strong></span> <span class='ocrx_word' id='word_1_467' title='bbox 155 3009 303 3061; x_wconf 76' lang='lat' dir='ltr'>credebaut</span> <span class='ocrx_word' id='word_1_468' title='bbox 321 3010 399 3058; x_wconf 91' lang='lat' dir='ltr'>nostri</span> <span class='ocrx_word' id='word_1_469' title='bbox 421 3010 510 3057; x_wconf 88' lang='lat' dir='ltr'>tollere</span> <span class='ocrx_word' id='word_1_470' title='bbox 530 3022 604 3069; x_wconf 83' lang='lat' dir='ltr'>posse</span> <span class='ocrx_word' id='word_1_471' title='bbox 618 3022 702 3057; x_wconf 85' lang='lat' dir='ltr'>senes.</span> <span class='ocrx_word' id='word_1_472' title='bbox 935 3009 1020 3073; x_wconf 87' lang='lat' dir='ltr'>Atque</span> <span class='ocrx_word' id='word_1_473' title='bbox 1036 3010 1071 3059; x_wconf 88' lang='lat' dir='ltr'>ita</span> <span class='ocrx_word' id='word_1_474' title='bbox 1087 3013 1216 3073; x_wconf 85' lang='lat' dir='ltr'>quaesitas</span> <span class='ocrx_word' id='word_1_475' title='bbox 1234 3021 1291 3060; x_wconf 90' lang='lat' dir='ltr'>arte</span> <span class='ocrx_word' id='word_1_476' title='bbox 1308 3010 1410 3061; x_wconf 90' lang='lat' dir='ltr'>l&#39;erebat</span> <span class='ocrx_word' id='word_1_477' title='bbox 1427 3029 1514 3077; x_wconf 79' lang='lat' dir='ltr'>opes.</span> 
     </span>
     <span class='ocr_line' id='line_1_39' title="bbox 120 3074 1568 3145; baseline 0.003 -16"><span class='ocrx_word' id='word_1_478' title='bbox 120 3080 231 3130; x_wconf 82' lang='lat' dir='ltr'>Graecia</span> <span class='ocrx_word' id='word_1_479' title='bbox 245 3079 397 3141; x_wconf 88' lang='lat' dir='ltr'>principium</span> <span class='ocrx_word' id='word_1_480' title='bbox 416 3079 493 3126; x_wconf 89' lang='lat' dir='ltr'>moris</span> <span class='ocrx_word' id='word_1_481' title='bbox 510 3074 566 3125; x_wconf 84' lang='lat' dir='ltr'>luit.</span> <span class='ocrx_word' id='word_1_482' title='bbox 602 3076 651 3125; x_wconf 81' lang='lat' dir='ltr'>llla</span> <span class='ocrx_word' id='word_1_483' title='bbox 672 3083 793 3126; x_wconf 89' lang='lat' dir='ltr'>nocentes</span> <span class='ocrx_word' id='word_1_484' title='bbox 900 3080 1026 3137; x_wconf 80' lang='lat' dir='ltr'>Forsitan,</span> <span class='ocrx_word' id='word_1_485' title='bbox 1042 3077 1142 3141; x_wconf 83' lang='lat' dir='ltr'>infelix,</span> <span class='ocrx_word' id='word_1_486' title='bbox 1164 3090 1252 3130; x_wconf 83' lang='lat' dir='ltr'>ventos</span> <span class='ocrx_word' id='word_1_487' title='bbox 1270 3082 1403 3145; x_wconf 90' lang='lat' dir='ltr'>undasque</span> <span class='ocrx_word' id='word_1_488' title='bbox 1421 3084 1568 3141; x_wconf 76' lang='lat' dir='ltr'>timebu:</span> 
     </span>
     <span class='ocr_line' id='line_1_40' title="bbox 156 3143 1481 3216; baseline 0.006 -20"><span class='ocrx_word' id='word_1_489' title='bbox 156 3149 239 3212; x_wconf 86' lang='lat' dir='ltr'>impia</span> <span class='ocrx_word' id='word_1_490' title='bbox 253 3150 371 3197; x_wconf 87' lang='lat' dir='ltr'>lustratos</span> <span class='ocrx_word' id='word_1_491' title='bbox 390 3161 488 3209; x_wconf 88' lang='lat' dir='ltr'>ponere</span> <span class='ocrx_word' id='word_1_492' title='bbox 509 3143 578 3194; x_wconf 86' lang='lat' dir='ltr'>lacta</span> <span class='ocrx_word' id='word_1_493' title='bbox 595 3150 679 3207; x_wconf 85' lang='lat' dir='ltr'>putat.</span> <span class='ocrx_word' id='word_1_494' title='bbox 935 3148 970 3196; x_wconf 87' lang='lat' dir='ltr'>At</span> <span class='ocrx_word' id='word_1_495' title='bbox 986 3148 1030 3196; x_wconf 90' lang='lat' dir='ltr'>tibi</span> <span class='ocrx_word' id='word_1_496' title='bbox 1052 3163 1117 3196; x_wconf 82' lang='lat' dir='ltr'>nare</span> <span class='ocrx_word' id='word_1_497' title='bbox 1141 3155 1184 3198; x_wconf 88' lang='lat' dir='ltr'>tua</span> <span class='ocrx_word' id='word_1_498' title='bbox 1197 3151 1276 3199; x_wconf 91' lang='lat' dir='ltr'>tutius</span> <span class='ocrx_word' id='word_1_499' title='bbox 1293 3166 1387 3216; x_wconf 84' lang='lat' dir='ltr'>aequor</span> <span class='ocrx_word' id='word_1_500' title='bbox 1408 3160 1481 3204; x_wconf 87' lang='lat' dir='ltr'>erat.</span> 
     </span>
     <span class='ocr_line' id='line_1_41' title="bbox 57 3214 1570 3291; baseline 0.005 -24"><span class='ocrx_word' id='word_1_501' title='bbox 57 3256 64 3262; x_wconf 94' lang='lat'>.</span> <span class='ocrx_word' id='word_1_502' title='bbox 119 3218 262 3268; x_wconf 79' lang='lat' dir='ltr'>Actoriden</span> <span class='ocrx_word' id='word_1_503' title='bbox 284 3218 388 3273; x_wconf 83' lang='lat' dir='ltr'>Peleus,</span> <span class='ocrx_word' id='word_1_504' title='bbox 405 3216 487 3277; x_wconf 88' lang='lat' dir='ltr'>ipsum</span> <span class='ocrx_word' id='word_1_505' title='bbox 502 3230 602 3279; x_wconf 86' lang='lat' dir='ltr'>quoque</span> <span class='ocrx_word' id='word_1_506' title='bbox 621 3215 701 3263; x_wconf 84' lang='lat' dir='ltr'>Pelea</span> <span class='ocrx_word' id='word_1_507' title='bbox 722 3214 801 3264; x_wconf 89' lang='lat' dir='ltr'>Pbocl</span> <span class='ocrx_word' id='word_1_508' title='bbox 901 3217 1015 3280; x_wconf 81' lang='lat' dir='ltr'>Namque</span> <span class='ocrx_word' id='word_1_509' title='bbox 1035 3218 1190 3279; x_wconf 77' lang='lat' dir='ltr'>gubernetur</span> <span class='ocrx_word' id='word_1_510' title='bbox 1202 3218 1324 3269; x_wconf 87' lang='lat' dir='ltr'>destricto</span> <span class='ocrx_word' id='word_1_511' title='bbox 1343 3222 1465 3271; x_wconf 89' lang='lat' dir='ltr'>constitit</span> <span class='ocrx_word' id='word_1_512' title='bbox 1481 3238 1570 3291; x_wconf 80' lang='lat' dir='ltr'>ense,</span> 
     </span>
     <span class='ocr_line' id='line_1_42' title="bbox 153 3283 1663 3350; baseline 0.001 -14"><span class='ocrx_word' id='word_1_513' title='bbox 153 3287 240 3336; x_wconf 82' lang='lat' dir='ltr'>Caede</span> <span class='ocrx_word' id='word_1_514' title='bbox 260 3300 307 3348; x_wconf 85' lang='lat' dir='ltr'>per</span> <span class='ocrx_word' id='word_1_515' title='bbox 324 3285 481 3335; x_wconf 86' lang='lat' dir='ltr'>Haemonias</span> <span class='ocrx_word' id='word_1_516' title='bbox 497 3286 571 3334; x_wconf 85' lang='lat' dir='ltr'>solvit</span> <span class='ocrx_word' id='word_1_517' title='bbox 590 3283 700 3334; x_wconf 85' lang='lat' dir='ltr'>Acastus</span> <span class='ocrx_word' id='word_1_518' title='bbox 717 3300 805 3349; x_wconf 84' lang='lat' dir='ltr'>aquas.</span> <span class='ocrx_word' id='word_1_519' title='bbox 841 3287 873 3335; x_wconf 83' lang='grc'>00</span> <span class='ocrx_word' id='word_1_520' title='bbox 934 3285 1079 3350; x_wconf 83' lang='lat' dir='ltr'>ceteraque</span> <span class='ocrx_word' id='word_1_521' title='bbox 1099 3295 1199 3337; x_wconf 85' lang='lat' dir='ltr'>armata</span> <span class='ocrx_word' id='word_1_522' title='bbox 1212 3290 1313 3338; x_wconf 87' lang='lat' dir='ltr'>conscia</span> <span class='ocrx_word' id='word_1_523' title='bbox 1337 3292 1412 3337; x_wconf 89' lang='lat' dir='ltr'>turba</span> <span class='ocrx_word' id='word_1_524' title='bbox 1432 3306 1535 3347; x_wconf 69' lang='lat' dir='ltr'>nane,</span> <span class='ocrx_word' id='word_1_525' title='bbox 1626 3296 1663 3345; x_wconf 63' lang='lat' dir='ltr'>tu</span> 
     </span>
     <span class='ocr_line' id='line_1_43' title="bbox 118 3354 1664 3429; baseline 0.005 -25"><span class='ocrx_word' id='word_1_526' title='bbox 118 3356 227 3406; x_wconf 80' lang='lat' dir='ltr'>Vectem</span> <span class='ocrx_word' id='word_1_527' title='bbox 248 3354 356 3404; x_wconf 78' lang='lat' dir='ltr'>frenatis</span> <span class='ocrx_word' id='word_1_528' title='bbox 372 3355 510 3418; x_wconf 87' lang='lat' dir='ltr'>perinane</span> <span class='ocrx_word' id='word_1_529' title='bbox 528 3354 681 3404; x_wconf 81' lang='lat' dir='ltr'>draconibus</span> <span class='ocrx_word' id='word_1_530' title='bbox 701 3355 806 3418; x_wconf 88' lang='lat' dir='ltr'>Aegeus</span> <span class='ocrx_word' id='word_1_531' title='bbox 900 3355 967 3406; x_wconf 81' lang='lat' dir='ltr'>Quid</span> <span class='ocrx_word' id='word_1_532' title='bbox 982 3356 1027 3403; x_wconf 91' lang='lat' dir='ltr'>tibi</span> <span class='ocrx_word' id='word_1_533' title='bbox 1041 3369 1099 3404; x_wconf 85' lang='lat' dir='ltr'>euru</span> <span class='ocrx_word' id='word_1_534' title='bbox 1117 3357 1221 3419; x_wconf 86' lang='lat' dir='ltr'>gladiot</span> <span class='ocrx_word' id='word_1_535' title='bbox 1235 3357 1337 3421; x_wconf 76' lang='lat' dir='ltr'>dubiam</span> <span class='ocrx_word' id='word_1_536' title='bbox 1351 3374 1423 3420; x_wconf 84' lang='lat' dir='ltr'>rege,</span> <span class='ocrx_word' id='word_1_537' title='bbox 1440 3363 1556 3427; x_wconf 80' lang='lat' dir='ltr'>navita,</span> <span class='ocrx_word' id='word_1_538' title='bbox 1569 3366 1664 3429; x_wconf 70' lang='lat' dir='ltr'>pinu,</span> 
     </span>
     <span class='ocr_line' id='line_1_44' title="bbox 153 3424 1575 3489; baseline 0.007 -14"><span class='ocrx_word' id='word_1_539' title='bbox 153 3426 281 3475; x_wconf 82' lang='lat' dir='ltr'>credulus</span> <span class='ocrx_word' id='word_1_540' title='bbox 296 3425 423 3474; x_wconf 89' lang='lat' dir='ltr'>immerita</span> <span class='ocrx_word' id='word_1_541' title='bbox 442 3424 556 3474; x_wconf 81' lang='lat' dir='ltr'>Phasida</span> <span class='ocrx_word' id='word_1_542' title='bbox 569 3424 633 3472; x_wconf 86' lang='lat' dir='ltr'>iuvit</span> <span class='ocrx_word' id='word_1_543' title='bbox 648 3439 706 3487; x_wconf 90' lang='lat' dir='ltr'>ope.</span> <span class='ocrx_word' id='word_1_544' title='bbox 785 3426 790 3437; x_wconf 89' lang='lat'>&#39;</span> <span class='ocrx_word' id='word_1_545' title='bbox 935 3425 992 3473; x_wconf 80' lang='lat' dir='ltr'>Nou</span> <span class='ocrx_word' id='word_1_546' title='bbox 1008 3432 1067 3474; x_wconf 90' lang='lat' dir='ltr'>sunt</span> <span class='ocrx_word' id='word_1_547' title='bbox 1083 3427 1147 3475; x_wconf 85' lang='lat' dir='ltr'>haec</span> <span class='ocrx_word' id='word_1_548' title='bbox 1169 3426 1253 3489; x_wconf 81' lang='lat' dir='ltr'>digitis</span> <span class='ocrx_word' id='word_1_549' title='bbox 1271 3442 1342 3476; x_wconf 88' lang='lat' dir='ltr'>arma</span> <span class='ocrx_word' id='word_1_550' title='bbox 1360 3429 1481 3479; x_wconf 84' lang='lat' dir='ltr'>tenenda</span> <span class='ocrx_word' id='word_1_551' title='bbox 1504 3436 1575 3485; x_wconf 88' lang='lat' dir='ltr'>tuis.</span> 
     </span>
     <span class='ocr_line' id='line_1_45' title="bbox 119 3493 1622 3569; baseline 0.005 -25"><span class='ocrx_word' id='word_1_552' title='bbox 119 3493 318 3557; x_wconf 82' lang='lat' dir='ltr'>Amphiaraides</span> <span class='ocrx_word' id='word_1_553' title='bbox 335 3495 485 3555; x_wconf 76' lang='lat' dir='ltr'>Naupactoo</span> <span class='ocrx_word' id='word_1_554' title='bbox 507 3494 629 3551; x_wconf 87' lang='lat' dir='ltr'>Acheloo,</span> <span class='ocrx_word' id='word_1_555' title='bbox 899 3493 948 3542; x_wconf 88' lang='lat' dir='ltr'>Ille</span> <span class='ocrx_word' id='word_1_556' title='bbox 960 3500 1029 3542; x_wconf 88' lang='lat' dir='ltr'>metu</span> <span class='ocrx_word' id='word_1_557' title='bbox 1045 3510 1148 3553; x_wconf 83' lang='lat' dir='ltr'>vacuus,</span> <span class='ocrx_word' id='word_1_558' title='bbox 1165 3497 1275 3546; x_wconf 83' lang='lat' dir='ltr'>Mortem</span> <span class='ocrx_word' id='word_1_559' title='bbox 1289 3513 1338 3546; x_wconf 89' lang='lat' dir='ltr'>nors</span> <span class='ocrx_word' id='word_1_560' title='bbox 1352 3497 1495 3560; x_wconf 88' lang='lat' dir='ltr'>deprecor,</span> <span class='ocrx_word' id='word_1_561' title='bbox 1512 3502 1622 3569; x_wconf 73' lang='lat' dir='ltr'>inquit:</span> 
     </span>
     <span class='ocr_line' id='line_1_46' title="bbox 153 3559 1666 3637; baseline 0.002 -25"><span class='ocrx_word' id='word_1_562' title='bbox 153 3565 229 3612; x_wconf 80' lang='lat' dir='ltr'>Solve</span> <span class='ocrx_word' id='word_1_563' title='bbox 245 3561 327 3621; x_wconf 82' lang='lat' dir='ltr'>nefas,</span> <span class='ocrx_word' id='word_1_564' title='bbox 346 3563 420 3611; x_wconf 82' lang='lat' dir='ltr'>dixit.</span> <span class='ocrx_word' id='word_1_565' title='bbox 457 3562 537 3609; x_wconf 85' lang='lat' dir='ltr'>Solvit</span> <span class='ocrx_word' id='word_1_566' title='bbox 554 3569 580 3609; x_wconf 89' lang='lat' dir='ltr'>et</span> <span class='ocrx_word' id='word_1_567' title='bbox 596 3564 638 3609; x_wconf 88' lang='lat' dir='ltr'>ille</span> <span class='ocrx_word' id='word_1_568' title='bbox 653 3559 735 3611; x_wconf 81' lang='lat' dir='ltr'>nefas.</span> <span class='ocrx_word' id='word_1_569' title='bbox 933 3562 984 3611; x_wconf 88' lang='lat' dir='ltr'>Sed</span> <span class='ocrx_word' id='word_1_570' title='bbox 1007 3563 1082 3612; x_wconf 79' lang='lat' dir='ltr'>lieeut</span> <span class='ocrx_word' id='word_1_571' title='bbox 1107 3574 1208 3628; x_wconf 82' lang='lat' dir='ltr'>sumpta</span> <span class='ocrx_word' id='word_1_572' title='bbox 1229 3581 1312 3628; x_wconf 86' lang='lat' dir='ltr'>pauca</span> <span class='ocrx_word' id='word_1_573' title='bbox 1330 3564 1428 3615; x_wconf 83' lang='lat' dir='ltr'>referre</span> <span class='ocrx_word' id='word_1_574' title='bbox 1448 3569 1524 3631; x_wconf 76' lang='lat' dir='ltr'>lyra.</span> <span class='ocrx_word' id='word_1_575' title='bbox 1612 3574 1666 3637; x_wconf 74' lang='lat' dir='ltr'>[tsi</span> 
     </span>
     <span class='ocr_line' id='line_1_47' title="bbox 119 3629 1667 3702; baseline 0.006 -23"><span class='ocrx_word' id='word_1_576' title='bbox 119 3631 161 3682; x_wconf 85' lang='lat' dir='ltr'>Alr</span> <span class='ocrx_word' id='word_1_577' title='bbox 183 3630 287 3680; x_wconf 91' lang='lat' dir='ltr'>nimium</span> <span class='ocrx_word' id='word_1_578' title='bbox 306 3629 404 3692; x_wconf 86' lang='lat' dir='ltr'>faciles,</span> <span class='ocrx_word' id='word_1_579' title='bbox 425 3632 468 3693; x_wconf 88' lang='lat' dir='ltr'>qui</span> <span class='ocrx_word' id='word_1_580' title='bbox 484 3630 566 3679; x_wconf 84' lang='lat' dir='ltr'>tristia</span> <span class='ocrx_word' id='word_1_581' title='bbox 584 3631 691 3678; x_wconf 87' lang='lat' dir='ltr'>crimina</span> <span class='ocrx_word' id='word_1_582' title='bbox 711 3629 800 3678; x_wconf 85' lang='lat' dir='ltr'>eaedis</span> <span class='ocrx_word' id='word_1_583' title='bbox 839 3631 872 3679; x_wconf 83' lang='grc'>00</span> <span class='ocrx_word' id='word_1_584' title='bbox 899 3632 1088 3695; x_wconf 84' lang='lat' dir='ltr'>llantseulam,</span> <span class='ocrx_word' id='word_1_585' title='bbox 1098 3634 1233 3699; x_wconf 90' lang='lat' dir='ltr'>ridentque</span> <span class='ocrx_word' id='word_1_586' title='bbox 1246 3651 1351 3684; x_wconf 83' lang='lat' dir='ltr'>moram.</span> <span class='ocrx_word' id='word_1_587' title='bbox 1376 3635 1456 3697; x_wconf 85' lang='lat' dir='ltr'>Capit</span> <span class='ocrx_word' id='word_1_588' title='bbox 1471 3638 1521 3689; x_wconf 89' lang='lat' dir='ltr'>ille</span> <span class='ocrx_word' id='word_1_589' title='bbox 1537 3656 1667 3702; x_wconf 75' lang='grc' dir='ltr'>ωηιιι,</span> 
     </span>
     <span class='ocr_line' id='line_1_48' title="bbox 155 3696 1566 3765; baseline 0.007 -17"><span class='ocrx_word' id='word_1_590' title='bbox 155 3702 288 3749; x_wconf 84' lang='lat' dir='ltr'>Piurniuea</span> <span class='ocrx_word' id='word_1_591' title='bbox 302 3700 358 3748; x_wconf 92' lang='lat' dir='ltr'>tolli</span> <span class='ocrx_word' id='word_1_592' title='bbox 371 3713 445 3761; x_wconf 89' lang='lat' dir='ltr'>posse</span> <span class='ocrx_word' id='word_1_593' title='bbox 461 3699 557 3761; x_wconf 84' lang='lat' dir='ltr'>putatis</span> <span class='ocrx_word' id='word_1_594' title='bbox 573 3696 656 3761; x_wconf 89' lang='lat' dir='ltr'>aqua!</span> <span class='ocrx_word' id='word_1_595' title='bbox 933 3703 1006 3752; x_wconf 75' lang='lat' dir='ltr'>Quae</span> <span class='ocrx_word' id='word_1_596' title='bbox 1027 3705 1106 3765; x_wconf 88' lang='lat' dir='ltr'>possit</span> <span class='ocrx_word' id='word_1_597' title='bbox 1126 3704 1219 3764; x_wconf 86' lang='lat' dir='ltr'>crines,</span> <span class='ocrx_word' id='word_1_598' title='bbox 1235 3704 1350 3765; x_wconf 81' lang='lat' dir='ltr'>Phoebe,</span> <span class='ocrx_word' id='word_1_599' title='bbox 1366 3704 1464 3754; x_wconf 87' lang='lat' dir='ltr'>decere</span> <span class='ocrx_word' id='word_1_600' title='bbox 1486 3714 1566 3762; x_wconf 83' lang='lat' dir='ltr'>tuos.</span> 
     </span>
     <span class='ocr_line' id='line_1_49' title="bbox 118 3767 1556 3836; baseline 0.006 -16"><span class='ocrx_word' id='word_1_601' title='bbox 118 3769 171 3821; x_wconf 82' lang='lat' dir='ltr'>Sed</span> <span class='ocrx_word' id='word_1_602' title='bbox 184 3775 281 3831; x_wconf 70' lang='lat' dir='ltr'>umen,</span> <span class='ocrx_word' id='word_1_603' title='bbox 295 3767 393 3832; x_wconf 87' lang='lat' dir='ltr'>antiqui</span> <span class='ocrx_word' id='word_1_604' title='bbox 412 3782 444 3815; x_wconf 90' lang='lat' dir='ltr'>ue</span> <span class='ocrx_word' id='word_1_605' title='bbox 462 3768 563 3817; x_wconf 85' lang='lat' dir='ltr'>nescius</span> <span class='ocrx_word' id='word_1_606' title='bbox 579 3767 674 3815; x_wconf 93' lang='lat' dir='ltr'>ordinis</span> <span class='ocrx_word' id='word_1_607' title='bbox 695 3780 775 3826; x_wconf 85' lang='lat' dir='ltr'>erres,</span> <span class='ocrx_word' id='word_1_608' title='bbox 898 3770 1024 3820; x_wconf 87' lang='lat' dir='ltr'>induerat</span> <span class='ocrx_word' id='word_1_609' title='bbox 1038 3773 1115 3836; x_wconf 82' lang='lat' dir='ltr'>Tyrio</span> <span class='ocrx_word' id='word_1_610' title='bbox 1134 3774 1171 3822; x_wconf 87' lang='lat' dir='ltr'>bis</span> <span class='ocrx_word' id='word_1_611' title='bbox 1189 3774 1293 3822; x_wconf 88' lang='lat' dir='ltr'>tinctam</span> <span class='ocrx_word' id='word_1_612' title='bbox 1313 3774 1408 3823; x_wconf 87' lang='lat' dir='ltr'>murice</span> <span class='ocrx_word' id='word_1_613' title='bbox 1428 3777 1556 3836; x_wconf 75' lang='lat' dir='ltr'>pallariae</span> 
     </span>
     <span class='ocr_line' id='line_1_50' title="bbox 153 3833 1545 3911; baseline 0.006 -23"><span class='ocrx_word' id='word_1_614' title='bbox 153 3840 263 3899; x_wconf 88' lang='lat' dir='ltr'>Primus,</span> <span class='ocrx_word' id='word_1_615' title='bbox 285 3845 313 3887; x_wconf 90' lang='lat' dir='ltr'>ut</span> <span class='ocrx_word' id='word_1_616' title='bbox 336 3842 386 3899; x_wconf 88' lang='lat' dir='ltr'>est,</span> <span class='ocrx_word' id='word_1_617' title='bbox 407 3836 465 3887; x_wconf 87' lang='lat' dir='ltr'>lani</span> <span class='ocrx_word' id='word_1_618' title='bbox 484 3836 578 3885; x_wconf 87' lang='lat' dir='ltr'>mensis</span> <span class='ocrx_word' id='word_1_619' title='bbox 593 3842 619 3884; x_wconf 91' lang='lat' dir='ltr'>et</span> <span class='ocrx_word' id='word_1_620' title='bbox 638 3841 699 3882; x_wconf 87' lang='lat' dir='ltr'>ante</span> <span class='ocrx_word' id='word_1_621' title='bbox 716 3833 771 3884; x_wconf 81' lang='lat' dir='ltr'>luit.</span> <span class='ocrx_word' id='word_1_622' title='bbox 933 3840 1057 3890; x_wconf 84' lang='lat' dir='ltr'>Reddidit</span> <span class='ocrx_word' id='word_1_623' title='bbox 1074 3843 1125 3891; x_wconf 87' lang='lat' dir='ltr'>ictu</span> <span class='ocrx_word' id='word_1_624' title='bbox 1140 3859 1198 3891; x_wconf 90' lang='lat' dir='ltr'>suos</span> <span class='ocrx_word' id='word_1_625' title='bbox 1216 3843 1308 3906; x_wconf 86' lang='lat' dir='ltr'>pollice</span> <span class='ocrx_word' id='word_1_626' title='bbox 1324 3841 1421 3891; x_wconf 89' lang='lat' dir='ltr'>cborda</span> <span class='ocrx_word' id='word_1_627' title='bbox 1440 3858 1545 3911; x_wconf 71' lang='grc' dir='ltr'>ιοιιοις</span> 
     </span>
     <span class='ocr_line' id='line_1_51' title="bbox 118 3902 1497 3974; baseline 0.004 -16"><span class='ocrx_word' id='word_1_628' title='bbox 118 3909 170 3961; x_wconf 80' lang='lat' dir='ltr'>Qut</span> <span class='ocrx_word' id='word_1_629' title='bbox 186 3908 299 3974; x_wconf 90' lang='lat' dir='ltr'>sequitur</span> <span class='ocrx_word' id='word_1_630' title='bbox 317 3908 418 3967; x_wconf 87' lang='lat' dir='ltr'>lanum,</span> <span class='ocrx_word' id='word_1_631' title='bbox 436 3905 531 3957; x_wconf 85' lang='lat' dir='ltr'>veteris</span> <span class='ocrx_word' id='word_1_632' title='bbox 549 3902 597 3953; x_wconf 82' lang='lat' dir='ltr'>luit</span> <span class='ocrx_word' id='word_1_633' title='bbox 615 3904 717 3953; x_wconf 88' lang='lat' dir='ltr'>ultimus</span> <span class='ocrx_word' id='word_1_634' title='bbox 734 3905 804 3954; x_wconf 88' lang='lat' dir='ltr'>anni.</span> <span class='ocrx_word' id='word_1_635' title='bbox 898 3909 1037 3959; x_wconf 79' lang='lat' dir='ltr'>Flebilibus</span> <span class='ocrx_word' id='word_1_636' title='bbox 1058 3911 1137 3960; x_wconf 86' lang='lat' dir='ltr'>soluti</span> <span class='ocrx_word' id='word_1_637' title='bbox 1159 3913 1271 3962; x_wconf 90' lang='lat' dir='ltr'>numeris</span> <span class='ocrx_word' id='word_1_638' title='bbox 1289 3912 1409 3962; x_wconf 87' lang='lat' dir='ltr'>canentia</span> <span class='ocrx_word' id='word_1_639' title='bbox 1425 3910 1497 3963; x_wconf 86' lang='lat' dir='ltr'>dura</span> 
     </span>
     <span class='ocr_line' id='line_1_52' title="bbox 152 3972 1669 4044; baseline 0.003 -18"><span class='ocrx_word' id='word_1_640' title='bbox 152 3979 191 4026; x_wconf 80' lang='lat' dir='ltr'>&#39;l&#39;u</span> <span class='ocrx_word' id='word_1_641' title='bbox 212 3991 312 4042; x_wconf 90' lang='lat' dir='ltr'>quoque</span> <span class='ocrx_word' id='word_1_642' title='bbox 330 3990 469 4035; x_wconf 89' lang='lat' dir='ltr'>sacrorum,</span> <span class='ocrx_word' id='word_1_643' title='bbox 489 3974 618 4035; x_wconf 78' lang='lat' dir='ltr'>Termine,</span> <span class='ocrx_word' id='word_1_644' title='bbox 638 3972 695 4022; x_wconf 86' lang='lat' dir='ltr'>tiuis</span> <span class='ocrx_word' id='word_1_645' title='bbox 715 3988 782 4023; x_wconf 92' lang='lat' dir='ltr'>eras.</span> <span class='ocrx_word' id='word_1_646' title='bbox 840 3980 872 4023; x_wconf 86' lang='grc'>00</span> <span class='ocrx_word' id='word_1_647' title='bbox 930 3978 1063 4029; x_wconf 79' lang='lat' dir='ltr'>Traiectus</span> <span class='ocrx_word' id='word_1_648' title='bbox 1078 3994 1163 4042; x_wconf 85' lang='lat' dir='ltr'>penus</span> <span class='ocrx_word' id='word_1_649' title='bbox 1182 3987 1299 4044; x_wconf 87' lang='lat' dir='ltr'>tempora</span> <span class='ocrx_word' id='word_1_650' title='bbox 1319 3988 1408 4030; x_wconf 86' lang='lat' dir='ltr'>cantat</span> <span class='ocrx_word' id='word_1_651' title='bbox 1428 3982 1498 4033; x_wconf 88' lang='lat' dir='ltr'>olor.</span> <span class='ocrx_word' id='word_1_652' title='bbox 1623 3990 1669 4039; x_wconf 82' lang='lat' dir='ltr'>m</span> 
     </span>
     <span class='ocr_line' id='line_1_53' title="bbox 117 4043 1537 4115; baseline 0.004 -18"><span class='ocrx_word' id='word_1_653' title='bbox 117 4047 220 4097; x_wconf 85' lang='lat' dir='ltr'>Primus</span> <span class='ocrx_word' id='word_1_654' title='bbox 236 4046 303 4096; x_wconf 90' lang='lat' dir='ltr'>enlm</span> <span class='ocrx_word' id='word_1_655' title='bbox 320 4045 378 4096; x_wconf 91' lang='lat' dir='ltr'>lani</span> <span class='ocrx_word' id='word_1_656' title='bbox 396 4046 499 4107; x_wconf 86' lang='lat' dir='ltr'>mensis,</span> <span class='ocrx_word' id='word_1_657' title='bbox 516 4045 575 4109; x_wconf 87' lang='lat' dir='ltr'>quia</span> <span class='ocrx_word' id='word_1_658' title='bbox 590 4043 666 4091; x_wconf 81' lang='lat' dir='ltr'>ianua</span> <span class='ocrx_word' id='word_1_659' title='bbox 683 4043 766 4106; x_wconf 89' lang='lat' dir='ltr'>prima</span> <span class='ocrx_word' id='word_1_660' title='bbox 782 4050 837 4105; x_wconf 85' lang='lat' dir='ltr'>est;</span> <span class='ocrx_word' id='word_1_661' title='bbox 898 4045 1017 4097; x_wconf 88' lang='lat' dir='ltr'>Protinus</span> <span class='ocrx_word' id='word_1_662' title='bbox 1030 4050 1055 4097; x_wconf 92' lang='lat' dir='ltr'>in</span> <span class='ocrx_word' id='word_1_663' title='bbox 1075 4048 1172 4099; x_wconf 89' lang='lat' dir='ltr'>medias</span> <span class='ocrx_word' id='word_1_664' title='bbox 1194 4058 1299 4100; x_wconf 87' lang='lat' dir='ltr'>ornatus</span> <span class='ocrx_word' id='word_1_665' title='bbox 1321 4049 1408 4100; x_wconf 87' lang='lat' dir='ltr'>desilit</span> <span class='ocrx_word' id='word_1_666' title='bbox 1429 4050 1537 4115; x_wconf 75' lang='lat' dir='ltr'>undas3</span> 
     </span>
     <span class='ocr_line' id='line_1_54' title="bbox 154 4112 1516 4184; baseline 0.003 -17"><span class='ocrx_word' id='word_1_667' title='bbox 154 4118 205 4168; x_wconf 81' lang='lat' dir='ltr'>Qui</span> <span class='ocrx_word' id='word_1_668' title='bbox 226 4129 299 4165; x_wconf 88' lang='lat' dir='ltr'>sacer</span> <span class='ocrx_word' id='word_1_669' title='bbox 316 4121 355 4164; x_wconf 89' lang='lat' dir='ltr'>est</span> <span class='ocrx_word' id='word_1_670' title='bbox 371 4115 426 4164; x_wconf 90' lang='lat' dir='ltr'>imis</span> <span class='ocrx_word' id='word_1_671' title='bbox 444 4114 573 4173; x_wconf 82' lang='lat' dir='ltr'>Manibus,</span> <span class='ocrx_word' id='word_1_672' title='bbox 589 4112 652 4161; x_wconf 90' lang='lat' dir='ltr'>imus</span> <span class='ocrx_word' id='word_1_673' title='bbox 669 4117 734 4175; x_wconf 86' lang='lat' dir='ltr'>erat,</span> <span class='ocrx_word' id='word_1_674' title='bbox 932 4116 1067 4179; x_wconf 77' lang='lat' dir='ltr'>Spargitur</span> <span class='ocrx_word' id='word_1_675' title='bbox 1085 4117 1194 4180; x_wconf 90' lang='lat' dir='ltr'>impulsa</span> <span class='ocrx_word' id='word_1_676' title='bbox 1206 4122 1310 4170; x_wconf 84' lang='lat' dir='ltr'>caerula</span> <span class='ocrx_word' id='word_1_677' title='bbox 1324 4119 1419 4184; x_wconf 88' lang='lat' dir='ltr'>puppis</span> <span class='ocrx_word' id='word_1_678' title='bbox 1434 4134 1516 4183; x_wconf 87' lang='lat' dir='ltr'>aqua.</span> 
     </span>
     <span class='ocr_line' id='line_1_55' title="bbox 116 4182 1512 4252; baseline 0.001 -15"><span class='ocrx_word' id='word_1_679' title='bbox 116 4185 257 4237; x_wconf 85' lang='lat' dir='ltr'>Postmodo</span> <span class='ocrx_word' id='word_1_680' title='bbox 274 4183 415 4234; x_wconf 88' lang='lat' dir='ltr'>creduntur</span> <span class='ocrx_word' id='word_1_681' title='bbox 431 4184 515 4247; x_wconf 90' lang='lat' dir='ltr'>spatio</span> <span class='ocrx_word' id='word_1_682' title='bbox 531 4182 652 4231; x_wconf 83' lang='lat' dir='ltr'>distantis</span> <span class='ocrx_word' id='word_1_683' title='bbox 667 4183 742 4245; x_wconf 89' lang='lat' dir='ltr'>longo</span> <span class='ocrx_word' id='word_1_684' title='bbox 898 4182 973 4246; x_wconf 87' lang='lat' dir='ltr'>inde,</span> <span class='ocrx_word' id='word_1_685' title='bbox 992 4186 1045 4235; x_wconf 88' lang='lat' dir='ltr'>lide</span> <span class='ocrx_word' id='word_1_686' title='bbox 1064 4188 1154 4247; x_wconf 89' lang='lat' dir='ltr'>maius,</span> <span class='ocrx_word' id='word_1_687' title='bbox 1168 4195 1243 4252; x_wconf 88' lang='lat' dir='ltr'>tergo</span> <span class='ocrx_word' id='word_1_688' title='bbox 1260 4189 1384 4252; x_wconf 85' lang='lat' dir='ltr'>delphina</span> <span class='ocrx_word' id='word_1_689' title='bbox 1398 4202 1512 4240; x_wconf 84' lang='lat' dir='ltr'>recurro</span> 
     </span>
     <span class='ocr_line' id='line_1_56' title="bbox 151 4251 1667 4327; baseline 0.005 -24"><span class='ocrx_word' id='word_1_690' title='bbox 151 4256 279 4317; x_wconf 81' lang='lat' dir='ltr'>Tempora</span> <span class='ocrx_word' id='word_1_691' title='bbox 294 4253 332 4301; x_wconf 87' lang='lat' dir='ltr'>bis</span> <span class='ocrx_word' id='word_1_692' title='bbox 350 4252 419 4317; x_wconf 92' lang='lat' dir='ltr'>quini</span> <span class='ocrx_word' id='word_1_693' title='bbox 434 4252 596 4302; x_wconf 80' lang='lat' dir='ltr'>continuasse</span> <span class='ocrx_word' id='word_1_694' title='bbox 611 4251 676 4300; x_wconf 84' lang='lat' dir='ltr'>Viri.</span> <span class='ocrx_word' id='word_1_695' title='bbox 931 4254 965 4303; x_wconf 84' lang='lat' dir='ltr'>Se</span> <span class='ocrx_word' id='word_1_696' title='bbox 984 4261 1126 4303; x_wconf 84' lang='lat' dir='ltr'>memorant</span> <span class='ocrx_word' id='word_1_697' title='bbox 1142 4259 1215 4308; x_wconf 87' lang='lat' dir='ltr'>oneri</span> <span class='ocrx_word' id='word_1_698' title='bbox 1232 4258 1395 4323; x_wconf 89' lang='lat' dir='ltr'>supposuisse</span> <span class='ocrx_word' id='word_1_699' title='bbox 1412 4272 1490 4307; x_wconf 84' lang='lat' dir='ltr'>novo.</span> <span class='ocrx_word' id='word_1_700' title='bbox 1602 4263 1667 4327; x_wconf 85' lang='grc'><strong>[110</strong></span> 
     </span>
     <span class='ocr_line' id='line_1_57' title="bbox 116 4319 1668 4393; baseline 0.005 -21"><span class='ocrx_word' id='word_1_701' title='bbox 116 4324 247 4386; x_wconf 86' lang='lat' dir='ltr'>Principio</span> <span class='ocrx_word' id='word_1_702' title='bbox 266 4320 369 4382; x_wconf 81' lang='lat' dir='ltr'>mensis,</span> <span class='ocrx_word' id='word_1_703' title='bbox 389 4321 518 4385; x_wconf 75' lang='lat' dir='ltr'>Phrygiae</span> <span class='ocrx_word' id='word_1_704' title='bbox 537 4321 697 4369; x_wconf 85' lang='lat' dir='ltr'>contermina</span> <span class='ocrx_word' id='word_1_705' title='bbox 713 4319 803 4381; x_wconf 86' lang='lat' dir='ltr'>Matri,</span> <span class='ocrx_word' id='word_1_706' title='bbox 839 4324 871 4369; x_wconf 81' lang='lat' dir='ltr'>ts</span> <span class='ocrx_word' id='word_1_707' title='bbox 898 4321 946 4370; x_wconf 86' lang='lat' dir='ltr'>lile</span> <span class='ocrx_word' id='word_1_708' title='bbox 959 4322 1053 4371; x_wconf 90' lang='lat' dir='ltr'>sedens</span> <span class='ocrx_word' id='word_1_709' title='bbox 1066 4325 1243 4392; x_wconf 78' lang='lat' dir='ltr'>citharamque</span> <span class='ocrx_word' id='word_1_710' title='bbox 1255 4336 1337 4390; x_wconf 90' lang='lat' dir='ltr'>tenet,</span> <span class='ocrx_word' id='word_1_711' title='bbox 1352 4327 1519 4392; x_wconf 85' lang='lat' dir='ltr'>pretiumque</span> <span class='ocrx_word' id='word_1_712' title='bbox 1534 4330 1668 4393; x_wconf 73' lang='lat' dir='ltr'>vehendi,</span> 
     </span>
     <span class='ocr_line' id='line_1_58' title="bbox 151 4388 1605 4461; baseline 0.004 -18"><span class='ocrx_word' id='word_1_713' title='bbox 151 4393 254 4456; x_wconf 82' lang='lat' dir='ltr'>Sospita</span> <span class='ocrx_word' id='word_1_714' title='bbox 267 4390 381 4440; x_wconf 89' lang='lat' dir='ltr'>delubris</span> <span class='ocrx_word' id='word_1_715' title='bbox 401 4388 495 4439; x_wconf 91' lang='lat' dir='ltr'>dicitur</span> <span class='ocrx_word' id='word_1_716' title='bbox 512 4396 587 4439; x_wconf 87' lang='lat' dir='ltr'>sueta</span> <span class='ocrx_word' id='word_1_717' title='bbox 603 4390 684 4438; x_wconf 82' lang='lat' dir='ltr'>noris.</span> <span class='ocrx_word' id='word_1_718' title='bbox 931 4393 1035 4451; x_wconf 90' lang='lat' dir='ltr'>Cautat,</span> <span class='ocrx_word' id='word_1_719' title='bbox 1054 4402 1080 4441; x_wconf 91' lang='lat' dir='ltr'>et</span> <span class='ocrx_word' id='word_1_720' title='bbox 1099 4409 1240 4459; x_wconf 84' lang='lat' dir='ltr'>aequoreas</span> <span class='ocrx_word' id='word_1_721' title='bbox 1258 4399 1370 4447; x_wconf 84' lang='lat' dir='ltr'>carmine</span> <span class='ocrx_word' id='word_1_722' title='bbox 1389 4397 1486 4446; x_wconf 88' lang='lat' dir='ltr'>mulcet</span> <span class='ocrx_word' id='word_1_723' title='bbox 1505 4412 1605 4461; x_wconf 74' lang='lat' dir='ltr'>aquus.</span> 
     </span>
     <span class='ocr_line' id='line_1_59' title="bbox 117 4458 1584 4531; baseline 0.003 -18"><span class='ocrx_word' id='word_1_724' title='bbox 117 4463 192 4514; x_wconf 77' lang='lat' dir='ltr'>Nunc</span> <span class='ocrx_word' id='word_1_725' title='bbox 214 4462 256 4510; x_wconf 92' lang='lat' dir='ltr'>ubl</span> <span class='ocrx_word' id='word_1_726' title='bbox 271 4461 322 4510; x_wconf 90' lang='lat' dir='ltr'>sint</span> <span class='ocrx_word' id='word_1_727' title='bbox 339 4460 398 4520; x_wconf 90' lang='lat' dir='ltr'>lllis,</span> <span class='ocrx_word' id='word_1_728' title='bbox 416 4460 527 4523; x_wconf 89' lang='lat' dir='ltr'>quaeris,</span> <span class='ocrx_word' id='word_1_729' title='bbox 546 4466 647 4508; x_wconf 80' lang='lat' dir='ltr'>sacrata</span> <span class='ocrx_word' id='word_1_730' title='bbox 669 4458 795 4508; x_wconf 80' lang='lat' dir='ltr'>Kalendis</span> <span class='ocrx_word' id='word_1_731' title='bbox 896 4461 930 4509; x_wconf 86' lang='lat' dir='ltr'>lli</span> <span class='ocrx_word' id='word_1_732' title='bbox 948 4462 991 4523; x_wconf 85' lang='lat' dir='ltr'>piu</span> <span class='ocrx_word' id='word_1_733' title='bbox 1008 4461 1077 4513; x_wconf 82' lang='lat' dir='ltr'>lacta</span> <span class='ocrx_word' id='word_1_734' title='bbox 1096 4464 1194 4517; x_wconf 88' lang='lat' dir='ltr'>vident.</span> <span class='ocrx_word' id='word_1_735' title='bbox 1230 4468 1314 4517; x_wconf 90' lang='lat' dir='ltr'>Astris</span> <span class='ocrx_word' id='word_1_736' title='bbox 1332 4466 1456 4529; x_wconf 84' lang='lat' dir='ltr'>detpbtm</span> <span class='ocrx_word' id='word_1_737' title='bbox 1473 4467 1584 4531; x_wconf 85' lang='lat' dir='ltr'>recepit</span> 
     </span>
     <span class='ocr_line' id='line_1_60' title="bbox 150 4528 1663 4596; baseline 0.001 -15"><span class='ocrx_word' id='word_1_738' title='bbox 150 4533 258 4596; x_wconf 79' lang='lat' dir='ltr'>Templa</span> <span class='ocrx_word' id='word_1_739' title='bbox 276 4529 359 4579; x_wconf 82' lang='lat' dir='ltr'>deaei</span> <span class='ocrx_word' id='word_1_740' title='bbox 381 4530 456 4589; x_wconf 88' lang='lat' dir='ltr'>louge</span> <span class='ocrx_word' id='word_1_741' title='bbox 474 4529 633 4590; x_wconf 84' lang='lat' dir='ltr'>procubuere</span> <span class='ocrx_word' id='word_1_742' title='bbox 655 4528 706 4578; x_wconf 88' lang='lat' dir='ltr'>die.</span> <span class='ocrx_word' id='word_1_743' title='bbox 930 4529 1038 4593; x_wconf 87' lang='lat' dir='ltr'>Iupiter,</span> <span class='ocrx_word' id='word_1_744' title='bbox 1058 4540 1085 4581; x_wconf 89' lang='lat' dir='ltr'>et</span> <span class='ocrx_word' id='word_1_745' title='bbox 1102 4536 1190 4585; x_wconf 88' lang='lat' dir='ltr'>stelias</span> <span class='ocrx_word' id='word_1_746' title='bbox 1210 4536 1284 4586; x_wconf 83' lang='lat' dir='ltr'>iussit</span> <span class='ocrx_word' id='word_1_747' title='bbox 1301 4537 1397 4585; x_wconf 82' lang='lat' dir='ltr'>trabere</span> <span class='ocrx_word' id='word_1_748' title='bbox 1414 4547 1520 4583; x_wconf 85' lang='lat' dir='ltr'>uorem.</span> <span class='ocrx_word' id='word_1_749' title='bbox 1657 4570 1663 4583; x_wconf 92' lang='lat'><em>.</em></span> 
     </span>
     <span class='ocr_line' id='line_1_61' title="bbox 117 4596 1666 4669; baseline 0.004 -18"><span class='ocrx_word' id='word_1_750' title='bbox 117 4600 214 4651; x_wconf 81' lang='lat' dir='ltr'>Cetera</span> <span class='ocrx_word' id='word_1_751' title='bbox 232 4616 265 4651; x_wconf 88' lang='lat' dir='ltr'>ue</span> <span class='ocrx_word' id='word_1_752' title='bbox 287 4597 361 4648; x_wconf 90' lang='lat' dir='ltr'>simili</span> <span class='ocrx_word' id='word_1_753' title='bbox 383 4596 508 4647; x_wconf 86' lang='lat' dir='ltr'>caderent</span> <span class='ocrx_word' id='word_1_754' title='bbox 524 4597 652 4647; x_wconf 77' lang='lat' dir='ltr'>labefacta</span> <span class='ocrx_word' id='word_1_755' title='bbox 673 4596 757 4657; x_wconf 82' lang='lat' dir='ltr'>salua,</span> <span class='ocrx_word' id='word_1_756' title='bbox 897 4598 1666 4669; x_wconf 73' lang='lat' dir='ltr'>Nuucmilsimillesorros,quoqueestmemoratusAebilles,</span> 
     </span>
     <span class='ocr_line' id='line_1_62' title="bbox 151 4666 1664 4736; baseline 0.004 -17"><span class='ocrx_word' id='word_1_757' title='bbox 151 4672 227 4720; x_wconf 79' lang='lat' dir='ltr'>Cavit</span> <span class='ocrx_word' id='word_1_758' title='bbox 243 4669 338 4718; x_wconf 86' lang='lat' dir='ltr'>sacrati</span> <span class='ocrx_word' id='word_1_759' title='bbox 350 4667 460 4732; x_wconf 82' lang='lat' dir='ltr'>provida</span> <span class='ocrx_word' id='word_1_760' title='bbox 478 4682 540 4716; x_wconf 89' lang='lat' dir='ltr'>cura</span> <span class='ocrx_word' id='word_1_761' title='bbox 560 4666 650 4726; x_wconf 73' lang='lat' dir='ltr'>ducis,</span> <span class='ocrx_word' id='word_1_762' title='bbox 837 4669 871 4713; x_wconf 91' lang='grc'>00</span> <span class='ocrx_word' id='word_1_763' title='bbox 930 4669 1041 4733; x_wconf 87' lang='lat' dir='ltr'>Vellem,</span> <span class='ocrx_word' id='word_1_764' title='bbox 1059 4671 1208 4736; x_wconf 84' lang='lat' dir='ltr'>Maeonide,</span> <span class='ocrx_word' id='word_1_765' title='bbox 1226 4681 1316 4736; x_wconf 87' lang='lat' dir='ltr'>pectus</span> <span class='ocrx_word' id='word_1_766' title='bbox 1334 4675 1418 4724; x_wconf 85' lang='lat' dir='ltr'>inesse</span> <span class='ocrx_word' id='word_1_767' title='bbox 1434 4677 1522 4735; x_wconf 86' lang='lat' dir='ltr'>tuum,</span> <span class='ocrx_word' id='word_1_768' title='bbox 1613 4680 1664 4727; x_wconf 72' lang='grc'><strong>110</strong></span> 
     </span>
    </p>
   </div>
   <div class='ocr_carea' id='block_1_4' title="bbox 116 4786 1663 5125">
    <p class='ocr_par' dir='ltr' id='par_1_4' title="bbox 116 4786 1663 5125">
     <span class='ocr_line' id='line_1_63' title="bbox 173 4786 1663 4856; baseline 0.005 -25"><span class='ocrx_word' id='word_1_769' title='bbox 173 4788 222 4831; x_wconf 78' lang='lat' dir='ltr'>bis.</span> <span class='ocrx_word' id='word_1_770' title='bbox 236 4790 292 4841; x_wconf 77' lang='grc'><strong>11,1</strong></span> <span class='ocrx_word' id='word_1_771' title='bbox 307 4794 332 4832; x_wconf 87' lang='lat' dir='ltr'>st</span> <span class='ocrx_word' id='word_1_772' title='bbox 346 4792 366 4833; x_wconf 88' lang='lat' dir='ltr'>lt</span> <span class='ocrx_word' id='word_1_773' title='bbox 380 4801 452 4856; x_wconf 74' lang='lat' dir='ltr'>nens.</span> <span class='ocrx_word' id='word_1_774' title='bbox 466 4788 570 4855; x_wconf 74' lang='lat' dir='ltr'>noasolll</span> <span class='ocrx_word' id='word_1_775' title='bbox 583 4786 647 4830; x_wconf 83' lang='lat' dir='ltr'>eodd.</span> <span class='ocrx_word' id='word_1_776' title='bbox 663 4793 688 4829; x_wconf 92' lang='lat' dir='ltr'>ut</span> <span class='ocrx_word' id='word_1_777' title='bbox 703 4787 757 4853; x_wconf 74' lang='lat' dir='ltr'>taluc</span> <span class='ocrx_word' id='word_1_778' title='bbox 772 4786 802 4829; x_wconf 85' lang='lat' dir='ltr'>li.</span> <span class='ocrx_word' id='word_1_779' title='bbox 842 4786 856 4829; x_wconf 86' lang='grc'><strong>0</strong></span> <span class='ocrx_word' id='word_1_780' title='bbox 872 4787 941 4831; x_wconf 75' lang='lat' dir='ltr'>Certe</span> <span class='ocrx_word' id='word_1_781' title='bbox 953 4803 996 4847; x_wconf 86' lang='lat' dir='ltr'>ego</span> <span class='ocrx_word' id='word_1_782' title='bbox 1011 4792 1040 4837; x_wconf 89' lang='grc'>11.</span> <span class='ocrx_word' id='word_1_783' title='bbox 1052 4805 1067 4836; x_wconf 90' lang='lat' dir='ltr'>e</span> <span class='ocrx_word' id='word_1_784' title='bbox 1078 4792 1144 4837; x_wconf 78' lang='lat' dir='ltr'>duob.</span> <span class='ocrx_word' id='word_1_785' title='bbox 1157 4793 1220 4837; x_wconf 80' lang='lat' dir='ltr'>codd.</span> <span class='ocrx_word' id='word_1_786' title='bbox 1268 4796 1295 4838; x_wconf 76' lang='grc'>11</span> <span class='ocrx_word' id='word_1_787' title='bbox 1311 4795 1397 4838; x_wconf 76' lang='lat' dir='ltr'>letales</span> <span class='ocrx_word' id='word_1_788' title='bbox 1411 4792 1462 4836; x_wconf 86' lang='lat' dir='ltr'>diss</span> <span class='ocrx_word' id='word_1_789' title='bbox 1476 4792 1519 4835; x_wconf 78' lang='grc'>000</span> <span class='ocrx_word' id='word_1_790' title='bbox 1533 4806 1588 4849; x_wconf 80' lang='lat' dir='ltr'>sqq.</span> <span class='ocrx_word' id='word_1_791' title='bbox 1632 4796 1663 4839; x_wconf 74' lang='grc'><strong>10</strong></span> 
     </span>
     <span class='ocr_line' id='line_1_64' title="bbox 117 4842 1662 4957; baseline 0.005 -16"><span class='ocrx_word' id='word_1_792' title='bbox 117 4842 1064 4954; x_wconf 47' lang='grc' dir='ltr'>11001011.οι1“’;.·.ἰ.’;’“ιῖ·.·..·ι110.·.·ἯΡιτιὲᾛιιοι11ῑ1ιι.</span> <span class='ocrx_word' id='word_1_793' title='bbox 1084 4849 1251 4946; x_wconf 61' lang='lat' dir='ltr'>‘dalbs</span> <span class='ocrx_word' id='word_1_794' title='bbox 1259 4849 1317 4947; x_wconf 70' lang='lat' dir='ltr'>di</span> <span class='ocrx_word' id='word_1_795' title='bbox 1331 4850 1392 4948; x_wconf 62' lang='lat' dir='ltr'>mi.</span> <span class='ocrx_word' id='word_1_796' title='bbox 1408 4847 1662 4957; x_wconf 51' lang='lat' dir='ltr'>‘mut</span> 
     </span>
     <span class='ocr_line' id='line_1_65' title="bbox 118 4950 1661 5015; baseline 0.005 -19"><span class='ocrx_word' id='word_1_797' title='bbox 118 4953 150 4996; x_wconf 90' lang='lat' dir='ltr'>ll.</span> <span class='ocrx_word' id='word_1_798' title='bbox 163 4965 176 4993; x_wconf 86' lang='lat' dir='ltr'>e</span> <span class='ocrx_word' id='word_1_799' title='bbox 191 4951 257 4995; x_wconf 81' lang='lat' dir='ltr'>duob.</span> <span class='ocrx_word' id='word_1_800' title='bbox 269 4954 332 4998; x_wconf 83' lang='lat' dir='ltr'>codd.</span> <span class='ocrx_word' id='word_1_801' title='bbox 373 4955 413 4997; x_wconf 84' lang='lat' dir='ltr'>tot</span> <span class='ocrx_word' id='word_1_802' title='bbox 426 4953 527 5007; x_wconf 76' lang='lat' dir='ltr'>pauidus</span> <span class='ocrx_word' id='word_1_803' title='bbox 541 4951 665 5015; x_wconf 48' lang='lat' dir='ltr'>enrld3Ait.</span> <span class='ocrx_word' id='word_1_804' title='bbox 679 4951 709 4994; x_wconf 91' lang='lat' dir='ltr'>ll.</span> <span class='ocrx_word' id='word_1_805' title='bbox 723 4965 737 4993; x_wconf 87' lang='lat' dir='ltr'>c</span> <span class='ocrx_word' id='word_1_806' title='bbox 752 4964 799 4994; x_wconf 82' lang='lat' dir='ltr'>sar.</span> <span class='ocrx_word' id='word_1_807' title='bbox 816 4950 869 4996; x_wconf 88' lang='lat' dir='ltr'>leet.</span> <span class='ocrx_word' id='word_1_808' title='bbox 887 4956 961 4998; x_wconf 86' lang='lat' dir='ltr'>unius.</span> <span class='ocrx_word' id='word_1_809' title='bbox 976 4956 1085 5000; x_wconf 87' lang='lat' dir='ltr'>llelendlt</span> <span class='ocrx_word' id='word_1_810' title='bbox 1101 4958 1181 5001; x_wconf 83' lang='lat' dir='ltr'>lirelrs.</span> <span class='ocrx_word' id='word_1_811' title='bbox 1195 4959 1233 5000; x_wconf 82' lang='lat' dir='ltr'>sal</span> <span class='ocrx_word' id='word_1_812' title='bbox 1253 4990 1257 4997; x_wconf 80' lang='grc'><strong>.</strong></span> <span class='ocrx_word' id='word_1_813' title='bbox 1274 4959 1334 5013; x_wconf 86' lang='lat' dir='ltr'>inde,</span> <span class='ocrx_word' id='word_1_814' title='bbox 1348 4958 1408 5015; x_wconf 82' lang='lat' dir='ltr'>quod</span> <span class='ocrx_word' id='word_1_815' title='bbox 1423 4956 1536 5000; x_wconf 83' lang='lat' dir='ltr'>lleredot.</span> <span class='ocrx_word' id='word_1_816' title='bbox 1550 4965 1577 5001; x_wconf 90' lang='lat' dir='ltr'>et</span> <span class='ocrx_word' id='word_1_817' title='bbox 1592 4960 1661 5004; x_wconf 82' lang='lat' dir='ltr'>(leil.</span> 
     </span>
     <span class='ocr_line' id='line_1_66' title="bbox 116 4970 1660 5067; baseline 0.005 -14"><span class='ocrx_word' id='word_1_818' title='bbox 116 5005 220 5059; x_wconf 86' lang='lat' dir='ltr'>tradant,</span> <span class='ocrx_word' id='word_1_819' title='bbox 233 5008 341 5052; x_wconf 78' lang='lat' dir='ltr'>Arionem</span> <span class='ocrx_word' id='word_1_820' title='bbox 356 5021 412 5052; x_wconf 84' lang='lat' dir='ltr'>rere</span> <span class='ocrx_word' id='word_1_821' title='bbox 426 5009 498 5051; x_wconf 81' lang='lat' dir='ltr'>luisse</span> <span class='ocrx_word' id='word_1_822' title='bbox 513 5014 679 5063; x_wconf 76' lang='lat' dir='ltr'>perterritum,</span> <span class='ocrx_word' id='word_1_823' title='bbox 693 5005 716 5049; x_wconf 86' lang='lat' dir='ltr'>id</span> <span class='ocrx_word' id='word_1_824' title='bbox 730 5005 790 5061; x_wconf 87' lang='lat' dir='ltr'>quod</span> <span class='ocrx_word' id='word_1_825' title='bbox 805 5008 963 5064; x_wconf 88' lang='lat' dir='ltr'>sruusquisque</span> <span class='ocrx_word' id='word_1_826' title='bbox 977 5011 1046 5054; x_wconf 84' lang='lat' dir='ltr'>laeile</span> <span class='ocrx_word' id='word_1_827' title='bbox 1060 5012 1147 5056; x_wconf 84' lang='lat' dir='ltr'>erodet.</span> <span class='ocrx_word' id='word_1_828' title='bbox 1160 5013 1206 5056; x_wconf 85' lang='lat' dir='ltr'>Sed</span> <span class='ocrx_word' id='word_1_829' title='bbox 1221 4970 1258 5056; x_wconf 68' lang='lat' dir='ltr'>bie</span> <span class='ocrx_word' id='word_1_830' title='bbox 1274 5028 1318 5058; x_wconf 85' lang='lat' dir='ltr'>sou</span> <span class='ocrx_word' id='word_1_831' title='bbox 1331 5012 1484 5059; x_wconf 80' lang='lat' dir='ltr'>eosreuiebsl</span> <span class='ocrx_word' id='word_1_832' title='bbox 1493 5020 1587 5067; x_wconf 82' lang='lat' dir='ltr'>poetae,</span> <span class='ocrx_word' id='word_1_833' title='bbox 1602 5028 1660 5060; x_wconf 74' lang='lat' dir='ltr'>m-</span> 
     </span>
     <span class='ocr_line' id='line_1_67' title="bbox 116 5060 1659 5125; baseline 0.005 -18"><span class='ocrx_word' id='word_1_834' title='bbox 116 5063 187 5107; x_wconf 87' lang='lat' dir='ltr'>sortls</span> <span class='ocrx_word' id='word_1_835' title='bbox 201 5061 237 5103; x_wconf 87' lang='lat' dir='ltr'>sul</span> <span class='ocrx_word' id='word_1_836' title='bbox 254 5060 412 5107; x_wconf 74' lang='lat' dir='ltr'>denormare</span> <span class='ocrx_word' id='word_1_837' title='bbox 427 5076 541 5117; x_wconf 81' lang='lat' dir='ltr'>pavorom,</span> <span class='ocrx_word' id='word_1_838' title='bbox 555 5061 594 5105; x_wconf 87' lang='lat' dir='ltr'>sed</span> <span class='ocrx_word' id='word_1_839' title='bbox 608 5062 708 5104; x_wconf 81' lang='lat' dir='ltr'>animum</span> <span class='ocrx_word' id='word_1_840' title='bbox 723 5072 936 5117; x_wconf 66' lang='lat' dir='ltr'>magnumneque</span> <span class='ocrx_word' id='word_1_841' title='bbox 950 5066 1020 5108; x_wconf 85' lang='lat' dir='ltr'>verba</span> <span class='ocrx_word' id='word_1_842' title='bbox 1035 5067 1089 5109; x_wconf 87' lang='lat' dir='ltr'>ills:</span> <span class='ocrx_word' id='word_1_843' title='bbox 1116 5067 1216 5110; x_wconf 80' lang='lat' dir='ltr'>lrlsrtesr</span> <span class='ocrx_word' id='word_1_844' title='bbox 1237 5081 1284 5112; x_wconf 79' lang='lat' dir='ltr'>nes</span> <span class='ocrx_word' id='word_1_845' title='bbox 1306 5069 1431 5125; x_wconf 77' lang='lat' dir='ltr'>deprecer,</span> <span class='ocrx_word' id='word_1_846' title='bbox 1451 5068 1590 5120; x_wconf 82' lang='lat' dir='ltr'>eiasssrrt,</span> <span class='ocrx_word' id='word_1_847' title='bbox 1615 5072 1659 5124; x_wconf 84' lang='lat' dir='ltr'>qssl</span> 
     </span>
    </p>
   </div>
   <div class='ocr_carea' id='block_1_5' title="bbox 115 5115 1656 5181">
    <p class='ocr_par' dir='ltr' id='par_1_5' title="bbox 115 5115 1656 5181">
     <span class='ocr_line' id='line_1_68' title="bbox 115 5115 1656 5181; baseline 0.001 -16"><span class='ocrx_word' id='word_1_848' title='bbox 115 5126 180 5165; x_wconf 82' lang='lat' dir='ltr'>ussto</span> <span class='ocrx_word' id='word_1_849' title='bbox 194 5125 284 5176; x_wconf 81' lang='lat' dir='ltr'>paveat.</span> <span class='ocrx_word' id='word_1_850' title='bbox 310 5118 349 5163; x_wconf 76' lang='lat' dir='ltr'>trs</span> <span class='ocrx_word' id='word_1_851' title='bbox 363 5119 464 5176; x_wconf 85' lang='lat' dir='ltr'>pretium</span> <span class='ocrx_word' id='word_1_852' title='bbox 473 5117 574 5164; x_wconf 80' lang='lat' dir='ltr'>vehendi</span> <span class='ocrx_word' id='word_1_853' title='bbox 588 5115 749 5174; x_wconf 76' lang='lat' dir='ltr'>parenthesim</span> <span class='ocrx_word' id='word_1_854' title='bbox 762 5117 848 5173; x_wconf 80' lang='lat' dir='ltr'>accipe,</span> <span class='ocrx_word' id='word_1_855' title='bbox 861 5123 887 5162; x_wconf 88' lang='lat' dir='ltr'>ut</span> <span class='ocrx_word' id='word_1_856' title='bbox 897 5118 944 5164; x_wconf 84' lang='lat' dir='ltr'>sit:</span> <span class='ocrx_word' id='word_1_857' title='bbox 958 5120 1098 5178; x_wconf 80' lang='lat' dir='ltr'>idquolselt,</span> <span class='ocrx_word' id='word_1_858' title='bbox 1112 5121 1172 5179; x_wconf 79' lang='lat' dir='ltr'>quod</span> <span class='ocrx_word' id='word_1_859' title='bbox 1180 5122 1281 5181; x_wconf 75' lang='lat' dir='ltr'>prestu·</span> <span class='ocrx_word' id='word_1_860' title='bbox 1294 5131 1332 5169; x_wconf 88' lang='lat' dir='ltr'>est</span> <span class='ocrx_word' id='word_1_861' title='bbox 1342 5122 1450 5178; x_wconf 75' lang='lat' dir='ltr'>sehssll,</span> <span class='ocrx_word' id='word_1_862' title='bbox 1460 5120 1556 5168; x_wconf 72' lang='lat' dir='ltr'>rldsllc.</span> <span class='ocrx_word' id='word_1_863' title='bbox 1563 5131 1656 5171; x_wconf 69' lang='lat' dir='ltr'>usas.</span> 
     </span>
    </p>
   </div>
   <div class='ocr_carea' id='block_1_6' title="bbox 0 0 1798 5498">
    <p class='ocr_par' dir='ltr' id='par_1_6' title="bbox 0 0 1798 5498">
     <span class='ocr_line' id='line_1_69' title="bbox 0 0 1798 5498; baseline 0 1"><span class='ocrx_word' id='word_1_864' title='bbox 0 0 1798 5498; x_wconf 95' lang='lat' dir='ltr'> </span> 
     </span>
    </p>
   </div>
  </div>
 </body>
</html>
