<?xml version="1.0" encoding="UTF-8"?>
<!DOCTYPE html PUBLIC "-//W3C//DTD XHTML 1.0 Transitional//EN"
    "http://www.w3.org/TR/xhtml1/DTD/xhtml1-transitional.dtd">
<html xmlns="http://www.w3.org/1999/xhtml" xml:lang="en" lang="en">
 <head>
  <title>
</title>
<meta http-equiv="Content-Type" content="text/html;charset=utf-8" />
  <meta name='ocr-system' content='tesseract 3.04.00' />
  <meta name='ocr-capabilities' content='ocr_page ocr_carea ocr_par ocr_line ocrx_word'/>
</head>
<body>
  <div class='ocr_page' id='page_1' title='image "./corpuspoetaruml00webegoog_0273.png"; bbox 0 0 3586 5498; ppageno 0'>
   <div class='ocr_carea' id='block_1_1' title="bbox 192 278 1564 373">
    <p class='ocr_par' dir='ltr' id='par_1_1' title="bbox 192 278 1564 373">
     <span class='ocr_line' id='line_1_1' title="bbox 192 278 1564 373; baseline -0.003 -22"><span class='ocrx_word' id='word_1_1' title='bbox 192 278 268 373; x_wconf 64' lang='lat'><strong>580</strong></span> <span class='ocrx_word' id='word_1_2' title='bbox 373 298 407 349; x_wconf 83' lang='grc' dir='ltr'><strong>ι.</strong></span> <span class='ocrx_word' id='word_1_3' title='bbox 430 298 574 347; x_wconf 84' lang='lat' dir='ltr'><strong>nrrntr</strong></span> <span class='ocrx_word' id='word_1_4' title='bbox 596 295 778 347; x_wconf 82' lang='lat' dir='ltr'><strong>sssosrs</strong></span> <span class='ocrx_word' id='word_1_5' title='bbox 801 297 1114 349; x_wconf 78' lang='lat' dir='ltr'><strong>arrsronaanu</strong></span> <span class='ocrx_word' id='word_1_6' title='bbox 1137 295 1192 345; x_wconf 84' lang='grc' dir='ltr'><strong>ιι</strong></span> <span class='ocrx_word' id='word_1_7' title='bbox 1214 296 1355 347; x_wconf 78' lang='lat' dir='ltr'><strong>roure</strong></span> <span class='ocrx_word' id='word_1_8' title='bbox 1385 296 1477 349; x_wconf 82' lang='grc' dir='ltr'><strong>ιιι.</strong></span> <span class='ocrx_word' id='word_1_9' title='bbox 1499 295 1564 347; x_wconf 89' lang='grc' dir='ltr'><strong>ιιι.</strong></span> 
     </span>
    </p>
   </div>
   <div class='ocr_carea' id='block_1_2' title="bbox 177 465 1745 4077">
    <p class='ocr_par' dir='ltr' id='par_1_2' title="bbox 195 465 1743 743">
     <span class='ocr_line' id='line_1_2' title="bbox 195 465 1659 535; baseline -0.002 -11"><span class='ocrx_word' id='word_1_10' title='bbox 195 476 293 525; x_wconf 84' lang='lat' dir='ltr'><strong>Ductus</strong></span> <span class='ocrx_word' id='word_1_11' title='bbox 310 471 342 521; x_wconf 91' lang='lat' dir='ltr'><strong>ab</strong></span> <span class='ocrx_word' id='word_1_12' title='bbox 359 475 476 523; x_wconf 85' lang='lat' dir='ltr'><strong>armento</strong></span> <span class='ocrx_word' id='word_1_13' title='bbox 494 475 583 521; x_wconf 88' lang='lat' dir='ltr'><strong>taurus</strong></span> <span class='ocrx_word' id='word_1_14' title='bbox 600 468 731 520; x_wconf 76' lang='lat' dir='ltr'><strong>detrectat</strong></span> <span class='ocrx_word' id='word_1_15' title='bbox 746 475 872 535; x_wconf 84' lang='lat' dir='ltr'><strong>aratrum,</strong></span> <span class='ocrx_word' id='word_1_16' title='bbox 914 473 946 523; x_wconf 82' lang='lat' dir='ltr'><strong>li</strong></span> <span class='ocrx_word' id='word_1_17' title='bbox 972 470 1016 523; x_wconf 80' lang='lat' dir='ltr'><strong>tut</strong></span> <span class='ocrx_word' id='word_1_18' title='bbox 1034 468 1082 523; x_wconf 87' lang='lat' dir='ltr'><strong>sisi</strong></span> <span class='ocrx_word' id='word_1_19' title='bbox 1099 483 1140 520; x_wconf 91' lang='lat' dir='ltr'><strong>me</strong></span> <span class='ocrx_word' id='word_1_20' title='bbox 1158 475 1228 520; x_wconf 89' lang='lat' dir='ltr'><strong>terra</strong></span> <span class='ocrx_word' id='word_1_21' title='bbox 1248 465 1320 520; x_wconf 68' lang='lat' dir='ltr'><strong>inse</strong></span> <span class='ocrx_word' id='word_1_22' title='bbox 1336 473 1366 519; x_wconf 91' lang='grc' dir='ltr'><strong>ιι</strong></span> <span class='ocrx_word' id='word_1_23' title='bbox 1382 470 1514 534; x_wconf 82' lang='lat' dir='ltr'><strong>propiare</strong></span> <span class='ocrx_word' id='word_1_24' title='bbox 1535 484 1659 535; x_wconf 68' lang='lat' dir='ltr'><strong>”lmt</strong></span> 
     </span>
     <span class='ocr_line' id='line_1_3' title="bbox 229 538 1687 607; baseline -0.001 -16"><span class='ocrx_word' id='word_1_25' title='bbox 229 540 361 591; x_wconf 82' lang='lat' dir='ltr'><strong>Subtrsbit</strong></span> <span class='ocrx_word' id='word_1_26' title='bbox 380 546 406 591; x_wconf 90' lang='lat' dir='ltr'><strong>et</strong></span> <span class='ocrx_word' id='word_1_27' title='bbox 424 540 489 590; x_wconf 87' lang='lat' dir='ltr'><strong>duro</strong></span> <span class='ocrx_word' id='word_1_28' title='bbox 506 540 572 589; x_wconf 88' lang='lat' dir='ltr'><strong>colla</strong></span> <span class='ocrx_word' id='word_1_29' title='bbox 589 540 691 589; x_wconf 81' lang='lat' dir='ltr'><strong>novella</strong></span> <span class='ocrx_word' id='word_1_30' title='bbox 708 539 775 601; x_wconf 77' lang='lat' dir='ltr'><strong>iugo.</strong></span> <span class='ocrx_word' id='word_1_31' title='bbox 1007 541 1050 601; x_wconf 81' lang='lat' dir='ltr'><strong>Et,</strong></span> <span class='ocrx_word' id='word_1_32' title='bbox 1063 555 1139 604; x_wconf 81' lang='lat' dir='ltr'><strong>quan</strong></span> <span class='ocrx_word' id='word_1_33' title='bbox 1156 539 1202 589; x_wconf 91' lang='lat' dir='ltr'><strong>sim</strong></span> <span class='ocrx_word' id='word_1_34' title='bbox 1215 538 1296 589; x_wconf 90' lang='lat' dir='ltr'><strong>denso</strong></span> <span class='ocrx_word' id='word_1_35' title='bbox 1311 538 1410 589; x_wconf 84' lang='lat' dir='ltr'><strong>cinctas</strong></span> <span class='ocrx_word' id='word_1_36' title='bbox 1425 541 1463 589; x_wconf 87' lang='lat' dir='ltr'><strong>sb</strong></span> <span class='ocrx_word' id='word_1_37' title='bbox 1481 540 1581 601; x_wconf 72' lang='lat' dir='ltr'><strong>hoste,</strong></span> <span class='ocrx_word' id='word_1_38' title='bbox 1599 540 1687 607; x_wconf 76' lang='lat' dir='ltr'><strong>queri.</strong></span> 
     </span>
     <span class='ocr_line' id='line_1_4' title="bbox 195 607 1743 677; baseline 0.001 -14"><span class='ocrx_word' id='word_1_39' title='bbox 195 614 259 672; x_wconf 74' lang='lat' dir='ltr'><strong>iios,</strong></span> <span class='ocrx_word' id='word_1_40' title='bbox 277 613 366 677; x_wconf 91' lang='lat' dir='ltr'><strong>quibus</strong></span> <span class='ocrx_word' id='word_1_41' title='bbox 384 611 498 660; x_wconf 88' lang='lat' dir='ltr'><strong>assuevit</strong></span> <span class='ocrx_word' id='word_1_42' title='bbox 510 609 591 659; x_wconf 83' lang='lat' dir='ltr'><strong>satum</strong></span> <span class='ocrx_word' id='word_1_43' title='bbox 609 607 748 658; x_wconf 88' lang='lat' dir='ltr'><strong>crudeliter</strong></span> <span class='ocrx_word' id='word_1_44' title='bbox 766 608 814 671; x_wconf 89' lang='lat' dir='ltr'><strong>uti,</strong></span> <span class='ocrx_word' id='word_1_45' title='bbox 972 610 997 661; x_wconf 91' lang='grc'><strong>0</strong></span> <span class='ocrx_word' id='word_1_46' title='bbox 1014 624 1089 675; x_wconf 84' lang='lat' dir='ltr'><strong>quam</strong></span> <span class='ocrx_word' id='word_1_47' title='bbox 1105 608 1138 659; x_wconf 86' lang='lat' dir='ltr'><strong>de</strong></span> <span class='ocrx_word' id='word_1_48' title='bbox 1161 610 1248 659; x_wconf 90' lang='lat' dir='ltr'><strong>multis</strong></span> <span class='ocrx_word' id='word_1_49' title='bbox 1268 608 1356 657; x_wconf 85' lang='lat' dir='ltr'><strong>sitium</strong></span> <span class='ocrx_word' id='word_1_50' title='bbox 1378 609 1604 671; x_wconf 66' lang='lat' dir='ltr'><strong>reprehenditur</strong></span> <span class='ocrx_word' id='word_1_51' title='bbox 1623 608 1743 665; x_wconf 70' lang='lat' dir='ltr'><strong>unii</strong></span> 
     </span>
     <span class='ocr_line' id='line_1_5' title="bbox 229 674 1670 743; baseline 0.001 -12"><span class='ocrx_word' id='word_1_52' title='bbox 229 680 272 731; x_wconf 80' lang='lat' dir='ltr'><strong>Ad</strong></span> <span class='ocrx_word' id='word_1_53' title='bbox 291 682 360 729; x_wconf 88' lang='lat' dir='ltr'><strong>mala</strong></span> <span class='ocrx_word' id='word_1_54' title='bbox 376 679 426 728; x_wconf 87' lang='lat' dir='ltr'><strong>iam</strong></span> <span class='ocrx_word' id='word_1_55' title='bbox 444 677 544 742; x_wconf 84' lang='lat' dir='ltr'><strong>pridem</strong></span> <span class='ocrx_word' id='word_1_56' title='bbox 562 693 613 728; x_wconf 89' lang='lat' dir='ltr'><strong>nou</strong></span> <span class='ocrx_word' id='word_1_57' title='bbox 631 693 717 729; x_wconf 89' lang='lat' dir='ltr'><strong>sumus</strong></span> <span class='ocrx_word' id='word_1_58' title='bbox 734 678 787 729; x_wconf 89' lang='lat' dir='ltr'><strong>ulla</strong></span> <span class='ocrx_word' id='word_1_59' title='bbox 804 674 891 735; x_wconf 75' lang='lat' dir='ltr'><strong>rudes,</strong></span> <span class='ocrx_word' id='word_1_60' title='bbox 1006 680 1065 729; x_wconf 82' lang='lat' dir='ltr'><strong>iloc</strong></span> <span class='ocrx_word' id='word_1_61' title='bbox 1082 684 1173 743; x_wconf 85' lang='lat' dir='ltr'><strong>peccat</strong></span> <span class='ocrx_word' id='word_1_62' title='bbox 1190 679 1270 727; x_wconf 91' lang='lat' dir='ltr'><strong>solum</strong></span> <span class='ocrx_word' id='word_1_63' title='bbox 1288 678 1310 726; x_wconf 92' lang='lat' dir='ltr'><strong>si</strong></span> <span class='ocrx_word' id='word_1_64' title='bbox 1327 691 1385 728; x_wconf 85' lang='lat' dir='ltr'><strong>mea</strong></span> <span class='ocrx_word' id='word_1_65' title='bbox 1402 677 1495 741; x_wconf 73' lang='lat' dir='ltr'><strong>Musa,</strong></span> <span class='ocrx_word' id='word_1_66' title='bbox 1517 680 1600 730; x_wconf 76' lang='lat' dir='ltr'><strong>laese</strong></span> <span class='ocrx_word' id='word_1_67' title='bbox 1616 686 1670 733; x_wconf 83' lang='grc' dir='ltr'><strong>ιιι.</strong></span> 
     </span>
    </p>

    <p class='ocr_par' dir='ltr' id='par_1_3' title="bbox 194 746 1716 884">
     <span class='ocr_line' id='line_1_6' title="bbox 194 746 1617 814; baseline 0.001 -15"><span class='ocrx_word' id='word_1_68' title='bbox 194 752 318 800; x_wconf 85' lang='lat' dir='ltr'><strong>Venimus</strong></span> <span class='ocrx_word' id='word_1_69' title='bbox 337 751 361 799; x_wconf 90' lang='lat' dir='ltr'><strong>in</strong></span> <span class='ocrx_word' id='word_1_70' title='bbox 381 749 485 799; x_wconf 82' lang='lat' dir='ltr'><strong>Geticos</strong></span> <span class='ocrx_word' id='word_1_71' title='bbox 503 747 584 798; x_wconf 85' lang='lat' dir='ltr'><strong>fines:</strong></span> <span class='ocrx_word' id='word_1_72' title='bbox 604 748 741 798; x_wconf 85' lang='lat' dir='ltr'><strong>moriamur</strong></span> <span class='ocrx_word' id='word_1_73' title='bbox 759 748 784 797; x_wconf 86' lang='lat' dir='ltr'><strong>iu</strong></span> <span class='ocrx_word' id='word_1_74' title='bbox 802 748 861 810; x_wconf 87' lang='lat' dir='ltr'><strong>illis,</strong></span> <span class='ocrx_word' id='word_1_75' title='bbox 972 748 1034 813; x_wconf 88' lang='lat' dir='ltr'><strong>ipse</strong></span> <span class='ocrx_word' id='word_1_76' title='bbox 1052 763 1100 812; x_wconf 69' lang='lat' dir='ltr'><strong>ego</strong></span> <span class='ocrx_word' id='word_1_77' title='bbox 1118 749 1238 797; x_wconf 89' lang='lat' dir='ltr'><strong>librorum</strong></span> <span class='ocrx_word' id='word_1_78' title='bbox 1256 746 1332 796; x_wconf 86' lang='lat' dir='ltr'><strong>video</strong></span> <span class='ocrx_word' id='word_1_79' title='bbox 1349 746 1448 799; x_wconf 70' lang='lat' dir='ltr'><strong>deficta</strong></span> <span class='ocrx_word' id='word_1_80' title='bbox 1470 763 1617 814; x_wconf 65' lang='lat' dir='ltr'><strong>meent,</strong></span> 
     </span>
     <span class='ocr_line' id='line_1_7' title="bbox 228 809 1716 884; baseline 0 -15"><span class='ocrx_word' id='word_1_81' title='bbox 228 813 363 884; x_wconf 69' lang='lat' dir='ltr'><strong>Pariaque</strong></span> <span class='ocrx_word' id='word_1_82' title='bbox 380 818 414 868; x_wconf 89' lang='lat' dir='ltr'><strong>ad</strong></span> <span class='ocrx_word' id='word_1_83' title='bbox 431 826 583 879; x_wconf 80' lang='lat' dir='ltr'><strong>extremum,</strong></span> <span class='ocrx_word' id='word_1_84' title='bbox 597 833 648 883; x_wconf 92' lang='lat' dir='ltr'><strong>qua</strong></span> <span class='ocrx_word' id='word_1_85' title='bbox 665 831 723 866; x_wconf 83' lang='lat' dir='ltr'><strong>urea</strong></span> <span class='ocrx_word' id='word_1_86' title='bbox 738 817 833 881; x_wconf 85' lang='lat' dir='ltr'><strong>coepit,</strong></span> <span class='ocrx_word' id='word_1_87' title='bbox 846 823 898 867; x_wconf 86' lang='lat' dir='ltr'><strong>est.</strong></span> <span class='ocrx_word' id='word_1_88' title='bbox 914 820 946 865; x_wconf 79' lang='lat' dir='ltr'><strong>it</strong></span> <span class='ocrx_word' id='word_1_89' title='bbox 1006 809 1090 869; x_wconf 77' lang='lat' dir='ltr'><strong>Q&#39;uum</strong></span> <span class='ocrx_word' id='word_1_90' title='bbox 1109 832 1154 867; x_wconf 91' lang='lat' dir='ltr'><strong>sua</strong></span> <span class='ocrx_word' id='word_1_91' title='bbox 1172 818 1230 880; x_wconf 90' lang='lat' dir='ltr'><strong>pius</strong></span> <span class='ocrx_word' id='word_1_92' title='bbox 1247 816 1314 867; x_wconf 86' lang='lat' dir='ltr'><strong>lusto</strong></span> <span class='ocrx_word' id='word_1_93' title='bbox 1332 817 1449 867; x_wconf 84' lang='lat' dir='ltr'><strong>carmina</strong></span> <span class='ocrx_word' id='word_1_94' title='bbox 1467 818 1593 883; x_wconf 73' lang='lat' dir='ltr'><strong>quisque</strong></span> <span class='ocrx_word' id='word_1_95' title='bbox 1614 820 1716 884; x_wconf 79' lang='lat' dir='ltr'><strong>psslsst.</strong></span> 
     </span>
    </p>

    <p class='ocr_par' dir='ltr' id='par_1_4' title="bbox 194 884 1742 1022">
     <span class='ocr_line' id='line_1_8' title="bbox 194 884 1690 953; baseline -0.001 -14"><span class='ocrx_word' id='word_1_96' title='bbox 194 891 273 953; x_wconf 83' lang='lat' dir='ltr'><strong>Spem</strong></span> <span class='ocrx_word' id='word_1_97' title='bbox 289 885 505 951; x_wconf 86' lang='lat' dir='ltr'><strong>iuvetamplecti!</strong></span> <span class='ocrx_word' id='word_1_98' title='bbox 524 902 590 951; x_wconf 85' lang='lat' dir='ltr'><strong>quae</strong></span> <span class='ocrx_word' id='word_1_99' title='bbox 605 886 816 937; x_wconf 85' lang='lat' dir='ltr'><strong>uouiuratirrita</strong></span> <span class='ocrx_word' id='word_1_100' title='bbox 828 901 946 952; x_wconf 66' lang='lat' dir='ltr'><strong>sempera</strong></span> <span class='ocrx_word' id='word_1_101' title='bbox 972 887 1071 939; x_wconf 75' lang='lat' dir='ltr'><strong>Auctor</strong></span> <span class='ocrx_word' id='word_1_102' title='bbox 1088 901 1152 949; x_wconf 89' lang='lat' dir='ltr'><strong>opus</strong></span> <span class='ocrx_word' id='word_1_103' title='bbox 1171 884 1268 937; x_wconf 71' lang='lat' dir='ltr'><strong>nudat.</strong></span> <span class='ocrx_word' id='word_1_104' title='bbox 1303 885 1346 935; x_wconf 83' lang='lat' dir='ltr'><strong>Sic</strong></span> <span class='ocrx_word' id='word_1_105' title='bbox 1362 884 1474 937; x_wconf 79' lang='lat' dir='ltr'><strong>forsitan</strong></span> <span class='ocrx_word' id='word_1_106' title='bbox 1494 886 1610 952; x_wconf 62' lang='lat' dir='ltr'><strong>Agrius</strong></span> <span class='ocrx_word' id='word_1_107' title='bbox 1628 891 1690 943; x_wconf 74' lang='lat' dir='ltr'><strong>nli·</strong></span> 
     </span>
     <span class='ocr_line' id='line_1_9' title="bbox 229 953 1742 1022; baseline 0.002 -15"><span class='ocrx_word' id='word_1_108' title='bbox 229 960 264 1008; x_wconf 88' lang='lat' dir='ltr'><strong>Et</strong></span> <span class='ocrx_word' id='word_1_109' title='bbox 281 957 338 1007; x_wconf 85' lang='lat' dir='ltr'><strong>fieri</strong></span> <span class='ocrx_word' id='word_1_110' title='bbox 356 957 443 1020; x_wconf 84' lang='lat' dir='ltr'><strong>cupias</strong></span> <span class='ocrx_word' id='word_1_111' title='bbox 462 957 482 1007; x_wconf 89' lang='lat' dir='ltr'><strong>si</strong></span> <span class='ocrx_word' id='word_1_112' title='bbox 501 972 560 1022; x_wconf 83' lang='lat' dir='ltr'><strong>qua,</strong></span> <span class='ocrx_word' id='word_1_113' title='bbox 576 955 664 1005; x_wconf 84' lang='lat' dir='ltr'><strong>futura</strong></span> <span class='ocrx_word' id='word_1_114' title='bbox 682 961 767 1019; x_wconf 85' lang='lat' dir='ltr'><strong>putes.</strong></span> <span class='ocrx_word' id='word_1_115' title='bbox 1005 956 1140 1006; x_wconf 78' lang='lat' dir='ltr'><strong>Thersiten</strong></span> <span class='ocrx_word' id='word_1_116' title='bbox 1159 953 1226 1004; x_wconf 84' lang='lat' dir='ltr'><strong>facie</strong></span> <span class='ocrx_word' id='word_1_117' title='bbox 1244 954 1341 1006; x_wconf 80' lang='lat' dir='ltr'><strong>dixerit</strong></span> <span class='ocrx_word' id='word_1_118' title='bbox 1358 970 1416 1006; x_wconf 88' lang='lat' dir='ltr'><strong>esse</strong></span> <span class='ocrx_word' id='word_1_119' title='bbox 1435 957 1521 1007; x_wconf 84' lang='lat' dir='ltr'><strong>bosa.</strong></span> <span class='ocrx_word' id='word_1_120' title='bbox 1716 963 1742 1010; x_wconf 86' lang='lat' dir='ltr'><strong>rt</strong></span> 
     </span>
    </p>

    <p class='ocr_par' dir='ltr' id='par_1_5' title="bbox 193 1024 1717 1160">
     <span class='ocr_line' id='line_1_10' title="bbox 193 1024 1717 1092; baseline 0.001 -13"><span class='ocrx_word' id='word_1_121' title='bbox 193 1026 330 1079; x_wconf 80' lang='lat' dir='ltr'><strong>Proximus</strong></span> <span class='ocrx_word' id='word_1_122' title='bbox 344 1028 403 1075; x_wconf 87' lang='lat' dir='ltr'><strong>huic</strong></span> <span class='ocrx_word' id='word_1_123' title='bbox 419 1025 515 1090; x_wconf 74' lang='lat' dir='ltr'><strong>gradus</strong></span> <span class='ocrx_word' id='word_1_124' title='bbox 529 1033 579 1088; x_wconf 85' lang='lat' dir='ltr'><strong>est,</strong></span> <span class='ocrx_word' id='word_1_125' title='bbox 593 1026 659 1074; x_wconf 87' lang='lat' dir='ltr'><strong>bene</strong></span> <span class='ocrx_word' id='word_1_126' title='bbox 674 1024 814 1089; x_wconf 84' lang='lat' dir='ltr'><strong>desperare</strong></span> <span class='ocrx_word' id='word_1_127' title='bbox 828 1025 947 1088; x_wconf 80' lang='grc' dir='ltr'><strong>ιιιιιιιι,</strong></span> <span class='ocrx_word' id='word_1_128' title='bbox 972 1026 1099 1077; x_wconf 87' lang='lat' dir='ltr'><strong>iudicium</strong></span> <span class='ocrx_word' id='word_1_129' title='bbox 1116 1032 1202 1075; x_wconf 82' lang='lat' dir='ltr'><strong>tamen</strong></span> <span class='ocrx_word' id='word_1_130' title='bbox 1223 1025 1265 1075; x_wconf 84' lang='lat' dir='ltr'><strong>iric</strong></span> <span class='ocrx_word' id='word_1_131' title='bbox 1285 1031 1399 1075; x_wconf 70' lang='lat' dir='ltr'><strong>noenum</strong></span> <span class='ocrx_word' id='word_1_132' title='bbox 1418 1039 1474 1076; x_wconf 87' lang='lat' dir='ltr'><strong>nou</strong></span> <span class='ocrx_word' id='word_1_133' title='bbox 1494 1026 1613 1091; x_wconf 76' lang='lat' dir='ltr'><strong>ueetpn</strong></span> <span class='ocrx_word' id='word_1_134' title='bbox 1627 1042 1717 1092; x_wconf 72' lang='lat' dir='ltr'><strong>ms</strong></span> 
     </span>
     <span class='ocr_line' id='line_1_11' title="bbox 229 1093 1646 1160; baseline 0 -14"><span class='ocrx_word' id='word_1_135' title='bbox 229 1099 314 1160; x_wconf 83' lang='lat' dir='ltr'><strong>Seque</strong></span> <span class='ocrx_word' id='word_1_136' title='bbox 331 1096 411 1145; x_wconf 87' lang='lat' dir='ltr'><strong>semel</strong></span> <span class='ocrx_word' id='word_1_137' title='bbox 419 1109 492 1144; x_wconf 78' lang='lat' dir='ltr'><strong>-sera</strong></span> <span class='ocrx_word' id='word_1_138' title='bbox 509 1095 573 1144; x_wconf 84' lang='lat' dir='ltr'><strong>scire</strong></span> <span class='ocrx_word' id='word_1_139' title='bbox 592 1095 691 1158; x_wconf 88' lang='lat' dir='ltr'><strong>perisse</strong></span> <span class='ocrx_word' id='word_1_140' title='bbox 708 1093 769 1144; x_wconf 86' lang='lat' dir='ltr'><strong>ride.</strong></span> <span class='ocrx_word' id='word_1_141' title='bbox 1007 1095 1072 1153; x_wconf 82' lang='lat' dir='ltr'><strong>Nec,</strong></span> <span class='ocrx_word' id='word_1_142' title='bbox 1090 1093 1213 1159; x_wconf 90' lang='lat' dir='ltr'><strong>quidquid</strong></span> <span class='ocrx_word' id='word_1_143' title='bbox 1231 1096 1317 1157; x_wconf 68' lang='lat' dir='ltr'><strong>genui,</strong></span> <span class='ocrx_word' id='word_1_144' title='bbox 1334 1095 1453 1158; x_wconf 83' lang='lat' dir='ltr'><strong>protinus</strong></span> <span class='ocrx_word' id='word_1_145' title='bbox 1472 1096 1546 1146; x_wconf 77' lang='lat' dir='ltr'><strong>ulad</strong></span> <span class='ocrx_word' id='word_1_146' title='bbox 1567 1112 1646 1151; x_wconf 74' lang='lat' dir='ltr'><strong>uro.</strong></span> 
     </span>
    </p>

    <p class='ocr_par' dir='ltr' id='par_1_6' title="bbox 194 1162 1690 1299">
     <span class='ocr_line' id='line_1_12' title="bbox 194 1162 1690 1233; baseline -0.001 -17"><span class='ocrx_word' id='word_1_147' title='bbox 194 1165 317 1216; x_wconf 85' lang='lat' dir='ltr'><strong>Curando</strong></span> <span class='ocrx_word' id='word_1_148' title='bbox 336 1164 393 1215; x_wconf 87' lang='lat' dir='ltr'><strong>lieri</strong></span> <span class='ocrx_word' id='word_1_149' title='bbox 410 1162 537 1229; x_wconf 85' lang='lat' dir='ltr'><strong>quaedam</strong></span> <span class='ocrx_word' id='word_1_150' title='bbox 554 1164 651 1214; x_wconf 88' lang='lat' dir='ltr'><strong>maiora</strong></span> <span class='ocrx_word' id='word_1_151' title='bbox 670 1162 785 1214; x_wconf 84' lang='lat' dir='ltr'><strong>videmus</strong></span> <span class='ocrx_word' id='word_1_152' title='bbox 914 1166 946 1213; x_wconf 74' lang='lat' dir='ltr'><strong>tt</strong></span> <span class='ocrx_word' id='word_1_153' title='bbox 972 1166 1025 1216; x_wconf 86' lang='lat' dir='ltr'><strong>Cur</strong></span> <span class='ocrx_word' id='word_1_154' title='bbox 1043 1164 1128 1227; x_wconf 79' lang='lat' dir='ltr'><strong>igitur,</strong></span> <span class='ocrx_word' id='word_1_155' title='bbox 1146 1164 1167 1214; x_wconf 92' lang='lat' dir='ltr'><strong>si</strong></span> <span class='ocrx_word' id='word_1_156' title='bbox 1185 1177 1227 1213; x_wconf 87' lang='lat' dir='ltr'><strong>sne</strong></span> <span class='ocrx_word' id='word_1_157' title='bbox 1245 1163 1346 1214; x_wconf 84' lang='lat' dir='ltr'><strong>rideam</strong></span> <span class='ocrx_word' id='word_1_158' title='bbox 1365 1163 1542 1229; x_wconf 81' lang='lat' dir='ltr'><strong>delinquere,</strong></span> <span class='ocrx_word' id='word_1_159' title='bbox 1563 1182 1690 1233; x_wconf 65' lang='lat' dir='ltr'><strong>peon,</strong></span> 
     </span>
     <span class='ocr_line' id='line_1_13' title="bbox 229 1231 1609 1299; baseline 0.001 -16"><span class='ocrx_word' id='word_1_160' title='bbox 229 1236 354 1297; x_wconf 83' lang='lat' dir='ltr'><strong>Vulnera,</strong></span> <span class='ocrx_word' id='word_1_161' title='bbox 373 1248 439 1298; x_wconf 85' lang='lat' dir='ltr'><strong>quae</strong></span> <span class='ocrx_word' id='word_1_162' title='bbox 457 1235 546 1283; x_wconf 88' lang='lat' dir='ltr'><strong>melius</strong></span> <span class='ocrx_word' id='word_1_163' title='bbox 564 1248 615 1283; x_wconf 87' lang='lat' dir='ltr'><strong>nou</strong></span> <span class='ocrx_word' id='word_1_164' title='bbox 633 1234 749 1296; x_wconf 77' lang='lat' dir='ltr'><strong>tetigisse</strong></span> <span class='ocrx_word' id='word_1_165' title='bbox 768 1231 826 1284; x_wconf 80' lang='lat' dir='ltr'><strong>soit</strong></span> <span class='ocrx_word' id='word_1_166' title='bbox 1007 1234 1042 1284; x_wconf 77' lang='lat' dir='ltr'><strong>Et</strong></span> <span class='ocrx_word' id='word_1_167' title='bbox 1058 1233 1142 1297; x_wconf 87' lang='lat' dir='ltr'><strong>patiar</strong></span> <span class='ocrx_word' id='word_1_168' title='bbox 1159 1234 1255 1296; x_wconf 87' lang='lat' dir='ltr'><strong>scripto</strong></span> <span class='ocrx_word' id='word_1_169' title='bbox 1272 1234 1367 1283; x_wconf 82' lang='lat' dir='ltr'><strong>crimea</strong></span> <span class='ocrx_word' id='word_1_170' title='bbox 1385 1234 1489 1298; x_wconf 77' lang='lat' dir='ltr'><strong>inesse,</strong></span> <span class='ocrx_word' id='word_1_171' title='bbox 1505 1249 1609 1299; x_wconf 72' lang='lat' dir='ltr'><strong>ngas.</strong></span> 
     </span>
    </p>

    <p class='ocr_par' dir='ltr' id='par_1_7' title="bbox 196 1301 1740 1437">
     <span class='ocr_line' id='line_1_14' title="bbox 196 1301 1740 1368; baseline 0.001 -13"><span class='ocrx_word' id='word_1_172' title='bbox 196 1305 284 1355; x_wconf 80' lang='lat' dir='ltr'><strong>biitius</strong></span> <span class='ocrx_word' id='word_1_173' title='bbox 303 1306 347 1353; x_wconf 92' lang='lat' dir='ltr'><strong>ilie</strong></span> <span class='ocrx_word' id='word_1_174' title='bbox 366 1304 442 1366; x_wconf 89' lang='lat' dir='ltr'><strong>perit,</strong></span> <span class='ocrx_word' id='word_1_175' title='bbox 460 1305 546 1355; x_wconf 87' lang='lat' dir='ltr'><strong>subita</strong></span> <span class='ocrx_word' id='word_1_176' title='bbox 563 1303 605 1368; x_wconf 90' lang='lat' dir='ltr'><strong>qui</strong></span> <span class='ocrx_word' id='word_1_177' title='bbox 622 1303 745 1365; x_wconf 63' lang='lat' dir='ltr'><strong>mergitur</strong></span> <span class='ocrx_word' id='word_1_178' title='bbox 763 1301 842 1364; x_wconf 87' lang='lat' dir='ltr'><strong>unda,</strong></span> <span class='ocrx_word' id='word_1_179' title='bbox 974 1304 1030 1354; x_wconf 79' lang='lat' dir='ltr'><strong>Nus</strong></span> <span class='ocrx_word' id='word_1_180' title='bbox 1047 1302 1138 1353; x_wconf 83' lang='lat' dir='ltr'><strong>eadem</strong></span> <span class='ocrx_word' id='word_1_181' title='bbox 1153 1304 1219 1351; x_wconf 89' lang='lat' dir='ltr'><strong>ratio</strong></span> <span class='ocrx_word' id='word_1_182' title='bbox 1232 1308 1281 1365; x_wconf 88' lang='lat' dir='ltr'><strong>est,</strong></span> <span class='ocrx_word' id='word_1_183' title='bbox 1295 1303 1392 1353; x_wconf 85' lang='lat' dir='ltr'><strong>restire</strong></span> <span class='ocrx_word' id='word_1_184' title='bbox 1406 1308 1436 1353; x_wconf 89' lang='lat' dir='ltr'><strong>et</strong></span> <span class='ocrx_word' id='word_1_185' title='bbox 1450 1303 1577 1357; x_wconf 67' lang='lat' dir='ltr'><strong>demere</strong></span> <span class='ocrx_word' id='word_1_186' title='bbox 1593 1306 1740 1361; x_wconf 73' lang='grc' dir='ltr'><strong>ιιιιιιιιι</strong></span> 
     </span>
     <span class='ocr_line' id='line_1_15' title="bbox 230 1369 1665 1437; baseline 0.002 -15"><span class='ocrx_word' id='word_1_187' title='bbox 230 1376 314 1425; x_wconf 79' lang='lat' dir='ltr'><strong>Quam</strong></span> <span class='ocrx_word' id='word_1_188' title='bbox 332 1389 380 1424; x_wconf 89' lang='lat' dir='ltr'><strong>sua</strong></span> <span class='ocrx_word' id='word_1_189' title='bbox 396 1372 439 1437; x_wconf 89' lang='lat' dir='ltr'><strong>qui</strong></span> <span class='ocrx_word' id='word_1_190' title='bbox 457 1371 559 1423; x_wconf 89' lang='lat' dir='ltr'><strong>tumidis</strong></span> <span class='ocrx_word' id='word_1_191' title='bbox 581 1372 685 1422; x_wconf 85' lang='lat' dir='ltr'><strong>brachia</strong></span> <span class='ocrx_word' id='word_1_192' title='bbox 702 1375 782 1423; x_wconf 86' lang='lat' dir='ltr'><strong>lassat</strong></span> <span class='ocrx_word' id='word_1_193' title='bbox 798 1369 881 1435; x_wconf 80' lang='lat' dir='ltr'><strong>aquis.</strong></span> <span class='ocrx_word' id='word_1_194' title='bbox 1007 1373 1104 1422; x_wconf 83' lang='lat' dir='ltr'><strong>Sensus</strong></span> <span class='ocrx_word' id='word_1_195' title='bbox 1121 1371 1188 1421; x_wconf 88' lang='lat' dir='ltr'><strong>inest</strong></span> <span class='ocrx_word' id='word_1_196' title='bbox 1205 1373 1320 1433; x_wconf 82' lang='lat' dir='ltr'><strong>cunctis3</strong></span> <span class='ocrx_word' id='word_1_197' title='bbox 1339 1374 1440 1423; x_wconf 87' lang='lat' dir='ltr'><strong>tollitur</strong></span> <span class='ocrx_word' id='word_1_198' title='bbox 1459 1381 1525 1427; x_wconf 82' lang='lat' dir='ltr'><strong>asto</strong></span> <span class='ocrx_word' id='word_1_199' title='bbox 1546 1376 1665 1429; x_wconf 74' lang='grc' dir='ltr'><strong>ιιιιιι.</strong></span> 
     </span>
    </p>

    <p class='ocr_par' dir='ltr' id='par_1_8' title="bbox 195 1440 1719 1577">
     <span class='ocr_line' id='line_1_16' title="bbox 195 1440 1719 1513; baseline 0.001 -20"><span class='ocrx_word' id='word_1_200' title='bbox 195 1445 249 1494; x_wconf 86' lang='lat' dir='ltr'><strong>Cur</strong></span> <span class='ocrx_word' id='word_1_201' title='bbox 268 1458 316 1505; x_wconf 78' lang='lat' dir='ltr'><strong>ego</strong></span> <span class='ocrx_word' id='word_1_202' title='bbox 334 1444 441 1505; x_wconf 83' lang='lat' dir='ltr'><strong>concepi</strong></span> <span class='ocrx_word' id='word_1_203' title='bbox 459 1442 584 1507; x_wconf 81' lang='lat' dir='ltr'><strong>Scythicis</strong></span> <span class='ocrx_word' id='word_1_204' title='bbox 603 1457 643 1491; x_wconf 90' lang='lat' dir='ltr'><strong>me</strong></span> <span class='ocrx_word' id='word_1_205' title='bbox 662 1456 737 1506; x_wconf 91' lang='lat' dir='ltr'><strong>posse</strong></span> <span class='ocrx_word' id='word_1_206' title='bbox 755 1454 845 1492; x_wconf 88' lang='lat' dir='ltr'><strong>carere</strong></span> <span class='ocrx_word' id='word_1_207' title='bbox 973 1443 1058 1505; x_wconf 80' lang='lat' dir='ltr'><strong>Saepe</strong></span> <span class='ocrx_word' id='word_1_208' title='bbox 1077 1440 1179 1506; x_wconf 79' lang='lat' dir='ltr'><strong>aliquod</strong></span> <span class='ocrx_word' id='word_1_209' title='bbox 1198 1441 1304 1504; x_wconf 90' lang='lat' dir='ltr'><strong>cupiens</strong></span> <span class='ocrx_word' id='word_1_210' title='bbox 1315 1443 1422 1492; x_wconf 81' lang='lat' dir='ltr'><strong>verbu</strong></span> <span class='ocrx_word' id='word_1_211' title='bbox 1438 1451 1568 1507; x_wconf 78' lang='lat' dir='ltr'><strong>matare,</strong></span> <span class='ocrx_word' id='word_1_212' title='bbox 1590 1446 1719 1513; x_wconf 63' lang='grc' dir='ltr'><strong>ιὼῃ,</strong></span> 
     </span>
     <span class='ocr_line' id='line_1_17' title="bbox 230 1509 1564 1577; baseline 0.001 -16"><span class='ocrx_word' id='word_1_213' title='bbox 230 1514 345 1573; x_wconf 80' lang='lat' dir='ltr'><strong>Finibus,</strong></span> <span class='ocrx_word' id='word_1_214' title='bbox 365 1520 391 1561; x_wconf 89' lang='lat' dir='ltr'><strong>et</strong></span> <span class='ocrx_word' id='word_1_215' title='bbox 409 1520 479 1561; x_wconf 88' lang='lat' dir='ltr'><strong>terra</strong></span> <span class='ocrx_word' id='word_1_216' title='bbox 497 1512 659 1577; x_wconf 78' lang='lat' dir='ltr'><strong>prosperiore</strong></span> <span class='ocrx_word' id='word_1_217' title='bbox 677 1509 743 1561; x_wconf 78' lang='lat' dir='ltr'><strong>t&#39;ruit</strong></span> <span class='ocrx_word' id='word_1_218' title='bbox 915 1510 948 1558; x_wconf 77' lang='grc'><strong>00</strong></span> <span class='ocrx_word' id='word_1_219' title='bbox 1009 1511 1134 1560; x_wconf 89' lang='lat' dir='ltr'><strong>iudicium</strong></span> <span class='ocrx_word' id='word_1_220' title='bbox 1153 1511 1219 1559; x_wconf 85' lang='lat' dir='ltr'><strong>vires</strong></span> <span class='ocrx_word' id='word_1_221' title='bbox 1237 1509 1432 1575; x_wconf 70' lang='lat' dir='ltr'><strong>decurruntque</strong></span> <span class='ocrx_word' id='word_1_222' title='bbox 1452 1528 1564 1567; x_wconf 79' lang='lat' dir='ltr'><strong>menan.</strong></span> 
     </span>
    </p>

    <p class='ocr_par' dir='ltr' id='par_1_9' title="bbox 196 1574 1740 1712">
     <span class='ocr_line' id='line_1_18' title="bbox 196 1574 1717 1645; baseline 0.001 -13"><span class='ocrx_word' id='word_1_223' title='bbox 196 1583 249 1632; x_wconf 86' lang='lat' dir='ltr'><strong>Cur</strong></span> <span class='ocrx_word' id='word_1_224' title='bbox 267 1581 362 1645; x_wconf 88' lang='lat' dir='ltr'><strong>aliquid</strong></span> <span class='ocrx_word' id='word_1_225' title='bbox 380 1581 472 1630; x_wconf 91' lang='lat' dir='ltr'><strong>de-me</strong></span> <span class='ocrx_word' id='word_1_226' title='bbox 491 1582 593 1644; x_wconf 81' lang='lat' dir='ltr'><strong>speravi</strong></span> <span class='ocrx_word' id='word_1_227' title='bbox 611 1580 693 1631; x_wconf 92' lang='lat' dir='ltr'><strong>lenius</strong></span> <span class='ocrx_word' id='word_1_228' title='bbox 711 1574 841 1644; x_wconf 77' lang='lat' dir='ltr'><strong>unquamt</strong></span> <span class='ocrx_word' id='word_1_229' title='bbox 974 1582 1058 1643; x_wconf 70' lang='lat' dir='ltr'><strong>Saepe</strong></span> <span class='ocrx_word' id='word_1_230' title='bbox 1071 1582 1151 1644; x_wconf 70' lang='lat' dir='ltr'><strong>piget,</strong></span> <span class='ocrx_word' id='word_1_231' title='bbox 1171 1579 1232 1643; x_wconf 89' lang='lat' dir='ltr'><strong>quid</strong></span> <span class='ocrx_word' id='word_1_232' title='bbox 1251 1582 1317 1629; x_wconf 87' lang='lat' dir='ltr'><strong>enim</strong></span> <span class='ocrx_word' id='word_1_233' title='bbox 1332 1580 1450 1631; x_wconf 75' lang='lat' dir='ltr'><strong>dubitem</strong></span> <span class='ocrx_word' id='word_1_234' title='bbox 1468 1582 1521 1633; x_wconf 87' lang='lat' dir='ltr'><strong>tibi</strong></span> <span class='ocrx_word' id='word_1_235' title='bbox 1538 1598 1613 1640; x_wconf 74' lang='lat' dir='ltr'><strong>sesa</strong></span> <span class='ocrx_word' id='word_1_236' title='bbox 1626 1583 1717 1639; x_wconf 63' lang='lat' dir='ltr'><strong>besil</strong></span> 
     </span>
     <span class='ocr_line' id='line_1_19' title="bbox 231 1648 1740 1712; baseline 0.003 -11"><span class='ocrx_word' id='word_1_237' title='bbox 231 1650 274 1701; x_wconf 83' lang='grc' dir='ltr'><strong>Αι</strong></span> <span class='ocrx_word' id='word_1_238' title='bbox 293 1648 408 1699; x_wconf 83' lang='lat' dir='ltr'><strong>Fortuna</strong></span> <span class='ocrx_word' id='word_1_239' title='bbox 425 1651 486 1699; x_wconf 88' lang='lat' dir='ltr'><strong>mibi</strong></span> <span class='ocrx_word' id='word_1_240' title='bbox 502 1652 540 1700; x_wconf 87' lang='lat' dir='ltr'><strong>sic</strong></span> <span class='ocrx_word' id='word_1_241' title='bbox 556 1664 614 1699; x_wconf 89' lang='lat' dir='ltr'><strong>mes</strong></span> <span class='ocrx_word' id='word_1_242' title='bbox 632 1658 694 1699; x_wconf 88' lang='lat' dir='ltr'><strong>nota</strong></span> <span class='ocrx_word' id='word_1_243' title='bbox 712 1648 781 1699; x_wconf 83' lang='lat' dir='ltr'><strong>fuitt</strong></span> <span class='ocrx_word' id='word_1_244' title='bbox 867 1682 870 1687; x_wconf 92' lang='lat'>-</span> <span class='ocrx_word' id='word_1_245' title='bbox 1008 1651 1152 1712; x_wconf 77' lang='lat' dir='ltr'><strong>Corrigere,</strong></span> <span class='ocrx_word' id='word_1_246' title='bbox 1170 1656 1197 1699; x_wconf 89' lang='lat' dir='ltr'><strong>et</strong></span> <span class='ocrx_word' id='word_1_247' title='bbox 1215 1650 1283 1712; x_wconf 73' lang='lat' dir='ltr'><strong>longi</strong></span> <span class='ocrx_word' id='word_1_248' title='bbox 1301 1649 1370 1700; x_wconf 79' lang='lat' dir='ltr'><strong>serre</strong></span> <span class='ocrx_word' id='word_1_249' title='bbox 1388 1651 1490 1701; x_wconf 82' lang='lat' dir='ltr'><strong>laberis</strong></span> <span class='ocrx_word' id='word_1_250' title='bbox 1509 1668 1599 1705; x_wconf 83' lang='grc' dir='ltr'><strong>οιιι.</strong></span> <span class='ocrx_word' id='word_1_251' title='bbox 1635 1658 1640 1667; x_wconf 84' lang='grc'><em>“</em></span> <span class='ocrx_word' id='word_1_252' title='bbox 1713 1648 1740 1705; x_wconf 60' lang='lat' dir='ltr'><strong>D</strong></span> 
     </span>
    </p>

    <p class='ocr_par' dir='ltr' id='par_1_10' title="bbox 194 1714 1717 1859">
     <span class='ocr_line' id='line_1_20' title="bbox 194 1714 1717 1788; baseline 0.003 -20"><span class='ocrx_word' id='word_1_253' title='bbox 194 1714 327 1785; x_wconf 72' lang='lat' dir='ltr'><strong>Torqueor</strong></span> <span class='ocrx_word' id='word_1_254' title='bbox 344 1733 376 1768; x_wconf 87' lang='lat' dir='ltr'><strong>eu</strong></span> <span class='ocrx_word' id='word_1_255' title='bbox 395 1721 507 1781; x_wconf 72' lang='lat' dir='ltr'><strong>gravius,</strong></span> <span class='ocrx_word' id='word_1_256' title='bbox 523 1720 685 1783; x_wconf 85' lang='lat' dir='ltr'><strong>repetitaque</strong></span> <span class='ocrx_word' id='word_1_257' title='bbox 701 1716 784 1768; x_wconf 79' lang='lat' dir='ltr'><strong>forma</strong></span> <span class='ocrx_word' id='word_1_258' title='bbox 801 1717 913 1766; x_wconf 81' lang='lat' dir='ltr'><strong>locorum</strong></span> <span class='ocrx_word' id='word_1_259' title='bbox 974 1721 1134 1771; x_wconf 77' lang='lat' dir='ltr'><strong>scribentem</strong></span> <span class='ocrx_word' id='word_1_260' title='bbox 1150 1719 1222 1769; x_wconf 86' lang='lat' dir='ltr'><strong>iurat</strong></span> <span class='ocrx_word' id='word_1_261' title='bbox 1241 1720 1296 1782; x_wconf 93' lang='lat' dir='ltr'><strong>lpse</strong></span> <span class='ocrx_word' id='word_1_262' title='bbox 1312 1719 1395 1780; x_wconf 77' lang='lat' dir='ltr'><strong>favor,</strong></span> <span class='ocrx_word' id='word_1_263' title='bbox 1411 1721 1575 1788; x_wconf 83' lang='lat' dir='ltr'><strong>minuitque</strong></span> <span class='ocrx_word' id='word_1_264' title='bbox 1596 1725 1717 1787; x_wconf 68' lang='lat' dir='ltr'><strong>hbe..</strong></span> 
     </span>
     <span class='ocr_line' id='line_1_21' title="bbox 230 1786 1672 1859; baseline 0.004 -22"><span class='ocrx_word' id='word_1_265' title='bbox 230 1789 354 1837; x_wconf 73' lang='lat' dir='ltr'><strong>Exsilium</strong></span> <span class='ocrx_word' id='word_1_266' title='bbox 372 1794 480 1839; x_wconf 84' lang='lat' dir='ltr'><strong>renovat</strong></span> <span class='ocrx_word' id='word_1_267' title='bbox 497 1789 581 1851; x_wconf 87' lang='lat' dir='ltr'><strong>triste,</strong></span> <span class='ocrx_word' id='word_1_268' title='bbox 599 1803 740 1854; x_wconf 73' lang='lat' dir='ltr'><strong>recensque</strong></span> <span class='ocrx_word' id='word_1_269' title='bbox 758 1786 830 1837; x_wconf 79' lang='lat' dir='ltr'><strong>iacit.</strong></span> <span class='ocrx_word' id='word_1_270' title='bbox 1008 1789 1124 1854; x_wconf 86' lang='lat' dir='ltr'><strong>Cumque</strong></span> <span class='ocrx_word' id='word_1_271' title='bbox 1142 1802 1322 1839; x_wconf 77' lang='lat' dir='ltr'><strong>succrescens</strong></span> <span class='ocrx_word' id='word_1_272' title='bbox 1339 1796 1448 1852; x_wconf 73' lang='lat' dir='ltr'><strong>pectore</strong></span> <span class='ocrx_word' id='word_1_273' title='bbox 1470 1788 1572 1845; x_wconf 80' lang='lat' dir='ltr'><strong>terret</strong></span> <span class='ocrx_word' id='word_1_274' title='bbox 1589 1808 1672 1859; x_wconf 78' lang='lat' dir='ltr'><strong>opu.</strong></span> 
     </span>
    </p>

    <p class='ocr_par' dir='ltr' id='par_1_11' title="bbox 196 1856 1718 1992">
     <span class='ocr_line' id='line_1_22' title="bbox 196 1856 1718 1932; baseline 0.004 -24"><span class='ocrx_word' id='word_1_275' title='bbox 196 1860 243 1908; x_wconf 83' lang='lat' dir='ltr'><strong>Est</strong></span> <span class='ocrx_word' id='word_1_276' title='bbox 261 1866 346 1906; x_wconf 88' lang='lat' dir='ltr'><strong>tamen</strong></span> <span class='ocrx_word' id='word_1_277' title='bbox 368 1858 464 1919; x_wconf 88' lang='lat' dir='ltr'><strong>utilius,</strong></span> <span class='ocrx_word' id='word_1_278' title='bbox 486 1856 598 1907; x_wconf 89' lang='lat' dir='ltr'><strong>studium</strong></span> <span class='ocrx_word' id='word_1_279' title='bbox 622 1872 736 1907; x_wconf 87' lang='lat' dir='ltr'><strong>cessasse</strong></span> <span class='ocrx_word' id='word_1_280' title='bbox 757 1869 881 1917; x_wconf 90' lang='lat' dir='ltr'><strong>meorum,</strong></span> <span class='ocrx_word' id='word_1_281' title='bbox 915 1857 948 1903; x_wconf 73' lang='lat' dir='ltr'><strong>db</strong></span> <span class='ocrx_word' id='word_1_282' title='bbox 974 1859 1109 1922; x_wconf 67' lang='lat' dir='ltr'><strong>cerrima</strong></span> <span class='ocrx_word' id='word_1_283' title='bbox 1128 1863 1156 1907; x_wconf 92' lang='grc' dir='ltr'><strong>ιι</strong></span> <span class='ocrx_word' id='word_1_284' title='bbox 1174 1871 1215 1907; x_wconf 89' lang='lat' dir='ltr'><strong>res</strong></span> <span class='ocrx_word' id='word_1_285' title='bbox 1241 1864 1281 1908; x_wconf 89' lang='lat' dir='ltr'><strong>est</strong></span> <span class='ocrx_word' id='word_1_286' title='bbox 1301 1864 1373 1908; x_wconf 86' lang='lat' dir='ltr'><strong>tanto</strong></span> <span class='ocrx_word' id='word_1_287' title='bbox 1390 1860 1477 1921; x_wconf 63' lang='lat' dir='ltr'><strong>masta</strong></span> <span class='ocrx_word' id='word_1_288' title='bbox 1496 1861 1609 1925; x_wconf 73' lang='lat' dir='ltr'><strong>ardua,</strong></span> <span class='ocrx_word' id='word_1_289' title='bbox 1626 1870 1718 1932; x_wconf 60' lang='grc' dir='ltr'><strong>μὴ</strong></span> 
     </span>
     <span class='ocr_line' id='line_1_23' title="bbox 231 1925 1649 1992; baseline 0.006 -17"><span class='ocrx_word' id='word_1_290' title='bbox 231 1929 325 1989; x_wconf 77' lang='lat' dir='ltr'><strong>Quam,</strong></span> <span class='ocrx_word' id='word_1_291' title='bbox 345 1941 408 1991; x_wconf 89' lang='lat' dir='ltr'><strong>quas</strong></span> <span class='ocrx_word' id='word_1_292' title='bbox 423 1925 560 1989; x_wconf 85' lang='lat' dir='ltr'><strong>admorint,</strong></span> <span class='ocrx_word' id='word_1_293' title='bbox 577 1942 627 1975; x_wconf 91' lang='lat' dir='ltr'><strong>non</strong></span> <span class='ocrx_word' id='word_1_294' title='bbox 651 1927 760 1977; x_wconf 86' lang='lat' dir='ltr'><strong>valuisse</strong></span> <span class='ocrx_word' id='word_1_295' title='bbox 780 1938 880 1989; x_wconf 87' lang='lat' dir='ltr'><strong>preces.</strong></span> <span class='ocrx_word' id='word_1_296' title='bbox 1008 1928 1118 1992; x_wconf 75' lang='lat' dir='ltr'><strong>Magnus</strong></span> <span class='ocrx_word' id='word_1_297' title='bbox 1136 1926 1287 1979; x_wconf 75' lang='lat' dir='ltr'><strong>Aristarcho</strong></span> <span class='ocrx_word' id='word_1_298' title='bbox 1304 1928 1384 1979; x_wconf 84' lang='lat' dir='ltr'><strong>maior</strong></span> <span class='ocrx_word' id='word_1_299' title='bbox 1401 1927 1547 1983; x_wconf 74' lang='lat' dir='ltr'><strong>Humerus</strong></span> <span class='ocrx_word' id='word_1_300' title='bbox 1569 1942 1649 1989; x_wconf 81' lang='lat' dir='ltr'><strong>erat.</strong></span> 
     </span>
    </p>

    <p class='ocr_par' dir='ltr' id='par_1_12' title="bbox 194 1991 1740 2136">
     <span class='ocr_line' id='line_1_24' title="bbox 194 1991 1740 2071; baseline 0.001 -24"><span class='ocrx_word' id='word_1_301' title='bbox 194 1996 294 2061; x_wconf 78' lang='lat' dir='ltr'><strong>Magna</strong></span> <span class='ocrx_word' id='word_1_302' title='bbox 307 1996 409 2060; x_wconf 90' lang='lat' dir='ltr'><strong>quidem</strong></span> <span class='ocrx_word' id='word_1_303' title='bbox 424 2011 465 2045; x_wconf 89' lang='lat' dir='ltr'><strong>res</strong></span> <span class='ocrx_word' id='word_1_304' title='bbox 482 2003 531 2059; x_wconf 85' lang='lat' dir='ltr'><strong>est,</strong></span> <span class='ocrx_word' id='word_1_305' title='bbox 545 2011 620 2061; x_wconf 87' lang='lat' dir='ltr'><strong>quam</strong></span> <span class='ocrx_word' id='word_1_306' title='bbox 633 2010 683 2045; x_wconf 89' lang='lat' dir='ltr'><strong>nou</strong></span> <span class='ocrx_word' id='word_1_307' title='bbox 698 1995 809 2056; x_wconf 85' lang='lat' dir='ltr'><strong>audetis,</strong></span> <span class='ocrx_word' id='word_1_308' title='bbox 822 1991 914 2055; x_wconf 83' lang='lat' dir='ltr'><strong>amicit</strong></span> <span class='ocrx_word' id='word_1_309' title='bbox 973 1998 1017 2048; x_wconf 80' lang='lat' dir='ltr'><strong>Sic</strong></span> <span class='ocrx_word' id='word_1_310' title='bbox 1034 1999 1145 2047; x_wconf 90' lang='lat' dir='ltr'><strong>animum</strong></span> <span class='ocrx_word' id='word_1_311' title='bbox 1164 1998 1234 2045; x_wconf 88' lang='lat' dir='ltr'><strong>leuto</strong></span> <span class='ocrx_word' id='word_1_312' title='bbox 1252 2012 1369 2047; x_wconf 84' lang='lat' dir='ltr'><strong>curarum</strong></span> <span class='ocrx_word' id='word_1_313' title='bbox 1387 1996 1492 2061; x_wconf 71' lang='lat' dir='ltr'><strong>frigore</strong></span> <span class='ocrx_word' id='word_1_314' title='bbox 1513 2001 1622 2071; x_wconf 69' lang='lat' dir='ltr'><strong>laedit,</strong></span> <span class='ocrx_word' id='word_1_315' title='bbox 1715 2006 1740 2057; x_wconf 80' lang='grc' dir='ltr'>Ι</span> 
     </span>
     <span class='ocr_line' id='line_1_25' title="bbox 230 2062 1586 2136; baseline 0.004 -20"><span class='ocrx_word' id='word_1_316' title='bbox 230 2065 283 2116; x_wconf 79' lang='lat' dir='ltr'><strong>Sed</strong></span> <span class='ocrx_word' id='word_1_317' title='bbox 304 2065 325 2114; x_wconf 88' lang='lat' dir='ltr'><strong>si</strong></span> <span class='ocrx_word' id='word_1_318' title='bbox 342 2062 396 2131; x_wconf 87' lang='lat' dir='ltr'><strong>quis</strong></span> <span class='ocrx_word' id='word_1_319' title='bbox 413 2072 524 2130; x_wconf 83' lang='lat' dir='ltr'><strong>peteret,</strong></span> <span class='ocrx_word' id='word_1_320' title='bbox 540 2066 583 2131; x_wconf 90' lang='lat' dir='ltr'><strong>qui</strong></span> <span class='ocrx_word' id='word_1_321' title='bbox 599 2065 663 2115; x_wconf 88' lang='lat' dir='ltr'><strong>dare</strong></span> <span class='ocrx_word' id='word_1_322' title='bbox 685 2066 773 2127; x_wconf 88' lang='lat' dir='ltr'><strong>vellet,</strong></span> <span class='ocrx_word' id='word_1_323' title='bbox 786 2068 851 2113; x_wconf 85' lang='lat' dir='ltr'><strong>erat.</strong></span> <span class='ocrx_word' id='word_1_324' title='bbox 1009 2067 1045 2116; x_wconf 91' lang='lat' dir='ltr'><strong>Ut</strong></span> <span class='ocrx_word' id='word_1_325' title='bbox 1061 2065 1146 2128; x_wconf 89' lang='lat' dir='ltr'><strong>cupidi</strong></span> <span class='ocrx_word' id='word_1_326' title='bbox 1163 2079 1251 2115; x_wconf 89' lang='lat' dir='ltr'><strong>cursor</strong></span> <span class='ocrx_word' id='word_1_327' title='bbox 1268 2065 1342 2118; x_wconf 77' lang='lat' dir='ltr'><strong>frena</strong></span> <span class='ocrx_word' id='word_1_328' title='bbox 1360 2074 1483 2119; x_wconf 85' lang='lat' dir='ltr'><strong>retentat</strong></span> <span class='ocrx_word' id='word_1_329' title='bbox 1504 2072 1586 2136; x_wconf 82' lang='lat' dir='ltr'><strong>equi.</strong></span> 
     </span>
    </p>

    <p class='ocr_par' dir='ltr' id='par_1_13' title="bbox 195 2130 1718 2273">
     <span class='ocr_line' id='line_1_26' title="bbox 195 2130 1718 2207; baseline 0.005 -21"><span class='ocrx_word' id='word_1_330' title='bbox 195 2135 341 2186; x_wconf 85' lang='lat' dir='ltr'><strong>Dummodo</strong></span> <span class='ocrx_word' id='word_1_331' title='bbox 357 2150 406 2185; x_wconf 91' lang='lat' dir='ltr'><strong>uon</strong></span> <span class='ocrx_word' id='word_1_332' title='bbox 428 2136 499 2185; x_wconf 87' lang='lat' dir='ltr'><strong>vobis</strong></span> <span class='ocrx_word' id='word_1_333' title='bbox 519 2135 567 2185; x_wconf 82' lang='lat' dir='ltr'><strong>boc</strong></span> <span class='ocrx_word' id='word_1_334' title='bbox 583 2134 701 2185; x_wconf 76' lang='grc' dir='ltr'><strong>Οιιιιιίι</strong></span> <span class='ocrx_word' id='word_1_335' title='bbox 716 2134 754 2185; x_wconf 94' lang='lat' dir='ltr'><strong>ira</strong></span> <span class='ocrx_word' id='word_1_336' title='bbox 771 2130 882 2197; x_wconf 70' lang='lat' dir='ltr'><strong>negarit,</strong></span> <span class='ocrx_word' id='word_1_337' title='bbox 974 2137 1061 2201; x_wconf 76' lang='lat' dir='ltr'><strong>Atque</strong></span> <span class='ocrx_word' id='word_1_338' title='bbox 1079 2137 1116 2185; x_wconf 91' lang='lat' dir='ltr'><strong>ita</strong></span> <span class='ocrx_word' id='word_1_339' title='bbox 1133 2134 1159 2186; x_wconf 90' lang='lat' dir='ltr'><strong>di</strong></span> <span class='ocrx_word' id='word_1_340' title='bbox 1178 2136 1252 2185; x_wconf 86' lang='lat' dir='ltr'><strong>mitae</strong></span> <span class='ocrx_word' id='word_1_341' title='bbox 1270 2137 1387 2187; x_wconf 87' lang='lat' dir='ltr'><strong>minuant</strong></span> <span class='ocrx_word' id='word_1_342' title='bbox 1405 2137 1470 2189; x_wconf 87' lang='lat' dir='ltr'><strong>milti</strong></span> <span class='ocrx_word' id='word_1_343' title='bbox 1491 2139 1635 2195; x_wconf 62' lang='lat' dir='ltr'><strong>caesam</strong></span> <span class='ocrx_word' id='word_1_344' title='bbox 1651 2142 1718 2207; x_wconf 58' lang='lat' dir='ltr'><strong>iu</strong></span> 
     </span>
     <span class='ocr_line' id='line_1_27' title="bbox 229 2201 1624 2273; baseline 0.004 -17"><span class='ocrx_word' id='word_1_345' title='bbox 229 2205 344 2256; x_wconf 81' lang='lat' dir='ltr'><strong>Fortiter</strong></span> <span class='ocrx_word' id='word_1_346' title='bbox 361 2204 468 2255; x_wconf 78' lang='lat' dir='ltr'><strong>Euxinis</strong></span> <span class='ocrx_word' id='word_1_347' title='bbox 485 2205 658 2255; x_wconf 80' lang='lat' dir='ltr'><strong>inmoriemur</strong></span> <span class='ocrx_word' id='word_1_348' title='bbox 675 2204 756 2269; x_wconf 89' lang='lat' dir='ltr'><strong>aquis.</strong></span> <span class='ocrx_word' id='word_1_349' title='bbox 915 2201 949 2249; x_wconf 67' lang='lat'><strong>⁴⁰</strong></span> <span class='ocrx_word' id='word_1_350' title='bbox 1009 2207 1125 2270; x_wconf 86' lang='lat' dir='ltr'><strong>Ossaque</strong></span> <span class='ocrx_word' id='word_1_351' title='bbox 1143 2211 1235 2268; x_wconf 88' lang='lat' dir='ltr'><strong>pacata</strong></span> <span class='ocrx_word' id='word_1_352' title='bbox 1254 2212 1342 2255; x_wconf 85' lang='lat' dir='ltr'><strong>austra</strong></span> <span class='ocrx_word' id='word_1_353' title='bbox 1361 2212 1492 2269; x_wconf 71' lang='lat' dir='ltr'><strong>tegantur</strong></span> <span class='ocrx_word' id='word_1_354' title='bbox 1512 2209 1624 2273; x_wconf 72' lang='lat' dir='ltr'><strong>huma</strong></span> 
     </span>
    </p>

    <p class='ocr_par' dir='ltr' id='par_1_14' title="bbox 342 2274 1740 2406">
     <span class='ocr_line' id='line_1_28' title="bbox 342 2274 1740 2406; baseline 0.006 -13"><span class='ocrx_word' id='word_1_355' title='bbox 342 2302 688 2366; x_wconf 58' lang='lat' dir='ltr'><strong>rossoil</strong></span> <span class='ocrx_word' id='word_1_356' title='bbox 731 2301 811 2366; x_wconf 77' lang='lat' dir='ltr'><strong>vm·</strong></span> <span class='ocrx_word' id='word_1_357' title='bbox 974 2274 1740 2406; x_wconf 50' lang='lat' dir='ltr'><strong>sint„antistareielnrzarc.</strong></span> 
     </span>
    </p>

    <p class='ocr_par' dir='ltr' id='par_1_15' title="bbox 195 2412 1721 2547">
     <span class='ocr_line' id='line_1_29' title="bbox 195 2412 1721 2487; baseline 0 -20"><span class='ocrx_word' id='word_1_358' title='bbox 195 2414 270 2467; x_wconf 79' lang='lat' dir='ltr'><strong>Quae</strong></span> <span class='ocrx_word' id='word_1_359' title='bbox 281 2413 337 2473; x_wconf 83' lang='lat' dir='ltr'><strong>tibi,</strong></span> <span class='ocrx_word' id='word_1_360' title='bbox 352 2413 517 2478; x_wconf 66' lang='lat' dir='ltr'><strong>quaerebam</strong></span> <span class='ocrx_word' id='word_1_361' title='bbox 531 2427 670 2464; x_wconf 88' lang='lat' dir='ltr'><strong>memorem</strong></span> <span class='ocrx_word' id='word_1_362' title='bbox 684 2412 809 2463; x_wconf 88' lang='lat' dir='ltr'><strong>testantia</strong></span> <span class='ocrx_word' id='word_1_363' title='bbox 826 2423 914 2461; x_wconf 80' lang='lat' dir='ltr'><strong>curam</strong></span> <span class='ocrx_word' id='word_1_364' title='bbox 974 2415 1075 2479; x_wconf 90' lang='lat' dir='ltr'><strong>Vixque</strong></span> <span class='ocrx_word' id='word_1_365' title='bbox 1092 2413 1153 2463; x_wconf 87' lang='lat' dir='ltr'><strong>mibi</strong></span> <span class='ocrx_word' id='word_1_366' title='bbox 1169 2413 1266 2477; x_wconf 83' lang='lat' dir='ltr'><strong>videor,</strong></span> <span class='ocrx_word' id='word_1_367' title='bbox 1279 2413 1371 2465; x_wconf 76' lang='lat' dir='ltr'><strong>faciam</strong></span> <span class='ocrx_word' id='word_1_368' title='bbox 1387 2415 1456 2479; x_wconf 84' lang='lat' dir='ltr'><strong>quod</strong></span> <span class='ocrx_word' id='word_1_369' title='bbox 1475 2420 1721 2487; x_wconf 45' lang='lat' dir='ltr'><strong>carmin*</strong></span> 
     </span>
     <span class='ocr_line' id='line_1_30' title="bbox 226 2480 1612 2547; baseline 0.001 -14"><span class='ocrx_word' id='word_1_370' title='bbox 226 2485 302 2533; x_wconf 87' lang='lat' dir='ltr'><strong>Dona</strong></span> <span class='ocrx_word' id='word_1_371' title='bbox 318 2482 466 2532; x_wconf 79' lang='lat' dir='ltr'><strong>Tomitanus</strong></span> <span class='ocrx_word' id='word_1_372' title='bbox 485 2482 588 2531; x_wconf 88' lang='lat' dir='ltr'><strong>mittere</strong></span> <span class='ocrx_word' id='word_1_373' title='bbox 605 2488 694 2545; x_wconf 87' lang='lat' dir='ltr'><strong>posset</strong></span> <span class='ocrx_word' id='word_1_374' title='bbox 711 2496 783 2544; x_wconf 74' lang='lat' dir='ltr'><strong>ager.</strong></span> <span class='ocrx_word' id='word_1_375' title='bbox 1009 2484 1092 2547; x_wconf 89' lang='lat' dir='ltr'><strong>loque</strong></span> <span class='ocrx_word' id='word_1_376' title='bbox 1109 2480 1170 2531; x_wconf 81' lang='lat' dir='ltr'><strong>feris</strong></span> <span class='ocrx_word' id='word_1_377' title='bbox 1187 2497 1273 2533; x_wconf 86' lang='lat' dir='ltr'><strong>curem</strong></span> <span class='ocrx_word' id='word_1_378' title='bbox 1290 2482 1420 2545; x_wconf 65' lang='lat' dir='ltr'><strong>mulgere</strong></span> <span class='ocrx_word' id='word_1_379' title='bbox 1439 2484 1489 2535; x_wconf 82' lang='lat' dir='ltr'><strong>itta</strong></span> <span class='ocrx_word' id='word_1_380' title='bbox 1511 2487 1612 2543; x_wconf 76' lang='lat' dir='ltr'><strong>Getta.</strong></span> 
     </span>
    </p>

    <p class='ocr_par' dir='ltr' id='par_1_16' title="bbox 195 2548 1743 2831">
     <span class='ocr_line' id='line_1_31' title="bbox 195 2548 1663 2625; baseline 0.003 -23"><span class='ocrx_word' id='word_1_381' title='bbox 195 2554 293 2615; x_wconf 69' lang='lat' dir='ltr'><strong>Dignos</strong></span> <span class='ocrx_word' id='word_1_382' title='bbox 310 2567 338 2602; x_wconf 84' lang='lat' dir='ltr'><strong>es</strong></span> <span class='ocrx_word' id='word_1_383' title='bbox 357 2558 474 2615; x_wconf 77' lang='lat' dir='ltr'><strong>argento,</strong></span> <span class='ocrx_word' id='word_1_384' title='bbox 490 2548 561 2601; x_wconf 80' lang='lat' dir='ltr'><strong>fulvo</strong></span> <span class='ocrx_word' id='word_1_385' title='bbox 584 2565 685 2615; x_wconf 90' lang='lat' dir='ltr'><strong>quoqne</strong></span> <span class='ocrx_word' id='word_1_386' title='bbox 713 2550 813 2613; x_wconf 70' lang='lat' dir='ltr'><strong>dignior</strong></span> <span class='ocrx_word' id='word_1_387' title='bbox 833 2562 914 2599; x_wconf 85' lang='lat' dir='ltr'><strong>suro:</strong></span> <span class='ocrx_word' id='word_1_388' title='bbox 974 2555 1018 2605; x_wconf 86' lang='lat' dir='ltr'><strong>Nil</strong></span> <span class='ocrx_word' id='word_1_389' title='bbox 1034 2551 1261 2615; x_wconf 79' lang='lat' dir='ltr'><strong>tameuesmiptis</strong></span> <span class='ocrx_word' id='word_1_390' title='bbox 1276 2554 1356 2617; x_wconf 68' lang='lat' dir='ltr'><strong>magis</strong></span> <span class='ocrx_word' id='word_1_391' title='bbox 1367 2556 1530 2608; x_wconf 83' lang='lat' dir='ltr'><strong>excusabile</strong></span> <span class='ocrx_word' id='word_1_392' title='bbox 1546 2561 1663 2625; x_wconf 78' lang='lat' dir='ltr'><strong>nostris,</strong></span> 
     </span>
     <span class='ocr_line' id='line_1_32' title="bbox 229 2619 1715 2688; baseline 0.007 -17"><span class='ocrx_word' id='word_1_393' title='bbox 229 2621 282 2672; x_wconf 81' lang='lat' dir='ltr'><strong>Sed</strong></span> <span class='ocrx_word' id='word_1_394' title='bbox 297 2627 334 2681; x_wconf 91' lang='lat' dir='ltr'><strong>te,</strong></span> <span class='ocrx_word' id='word_1_395' title='bbox 347 2635 403 2669; x_wconf 90' lang='lat' dir='ltr'><strong>cnm</strong></span> <span class='ocrx_word' id='word_1_396' title='bbox 420 2619 511 2681; x_wconf 86' lang='lat' dir='ltr'><strong>donas,</strong></span> <span class='ocrx_word' id='word_1_397' title='bbox 528 2619 577 2669; x_wconf 82' lang='lat' dir='ltr'><strong>ista</strong></span> <span class='ocrx_word' id='word_1_398' title='bbox 593 2621 683 2669; x_wconf 80' lang='lat' dir='ltr'><strong>iurare</strong></span> <span class='ocrx_word' id='word_1_399' title='bbox 698 2621 791 2669; x_wconf 84' lang='lat' dir='ltr'><strong>solent.</strong></span> <span class='ocrx_word' id='word_1_400' title='bbox 1008 2623 1091 2672; x_wconf 80' lang='lat' dir='ltr'><strong>Quam</strong></span> <span class='ocrx_word' id='word_1_401' title='bbox 1112 2636 1201 2671; x_wconf 88' lang='lat' dir='ltr'><strong>seusus</strong></span> <span class='ocrx_word' id='word_1_402' title='bbox 1224 2623 1324 2673; x_wconf 79' lang='grc' dir='ltr'><strong>ιιιιιίι</strong></span> <span class='ocrx_word' id='word_1_403' title='bbox 1349 2637 1434 2687; x_wconf 85' lang='lat' dir='ltr'><strong>paese</strong></span> <span class='ocrx_word' id='word_1_404' title='bbox 1454 2627 1538 2688; x_wconf 71' lang='lat' dir='ltr'><strong>qaod</strong></span> <span class='ocrx_word' id='word_1_405' title='bbox 1557 2630 1715 2685; x_wconf 63' lang='lat' dir='ltr'><strong>ueuffl.</strong></span> 
     </span>
     <span class='ocr_line' id='line_1_33' title="bbox 195 2687 1743 2753; baseline 0.005 -13"><span class='ocrx_word' id='word_1_406' title='bbox 195 2693 351 2742; x_wconf 73' lang='lat' dir='ltr'><strong>ltectamen</strong></span> <span class='ocrx_word' id='word_1_407' title='bbox 371 2689 436 2738; x_wconf 89' lang='lat' dir='ltr'><strong>baec</strong></span> <span class='ocrx_word' id='word_1_408' title='bbox 455 2688 511 2737; x_wconf 86' lang='lat' dir='ltr'><strong>loca</strong></span> <span class='ocrx_word' id='word_1_409' title='bbox 526 2695 586 2739; x_wconf 90' lang='lat' dir='ltr'><strong>sunt</strong></span> <span class='ocrx_word' id='word_1_410' title='bbox 598 2689 649 2738; x_wconf 89' lang='lat' dir='ltr'><strong>ulio</strong></span> <span class='ocrx_word' id='word_1_411' title='bbox 663 2688 777 2753; x_wconf 88' lang='lat' dir='ltr'><strong>pretiosa</strong></span> <span class='ocrx_word' id='word_1_412' title='bbox 794 2687 913 2739; x_wconf 80' lang='lat' dir='ltr'><strong>metallo:</strong></span> <span class='ocrx_word' id='word_1_413' title='bbox 933 2688 948 2735; x_wconf 80' lang='lat' dir='ltr'><strong>i</strong></span> <span class='ocrx_word' id='word_1_414' title='bbox 973 2693 1055 2743; x_wconf 78' lang='lat' dir='ltr'><strong>Laeta</strong></span> <span class='ocrx_word' id='word_1_415' title='bbox 1071 2689 1127 2742; x_wconf 80' lang='lat' dir='ltr'><strong>tere</strong></span> <span class='ocrx_word' id='word_1_416' title='bbox 1141 2692 1225 2741; x_wconf 88' lang='lat' dir='ltr'><strong>laetus</strong></span> <span class='ocrx_word' id='word_1_417' title='bbox 1239 2691 1329 2753; x_wconf 86' lang='lat' dir='ltr'><strong>cecini,</strong></span> <span class='ocrx_word' id='word_1_418' title='bbox 1350 2707 1414 2743; x_wconf 88' lang='lat' dir='ltr'><strong>cano</strong></span> <span class='ocrx_word' id='word_1_419' title='bbox 1431 2693 1529 2746; x_wconf 86' lang='lat' dir='ltr'><strong>tristis</strong></span> <span class='ocrx_word' id='word_1_420' title='bbox 1545 2699 1652 2753; x_wconf 72' lang='lat' dir='ltr'><strong>trierim</strong></span> <span class='ocrx_word' id='word_1_421' title='bbox 1713 2702 1743 2751; x_wconf 83' lang='grc' dir='ltr'><strong>ιι</strong></span> 
     </span>
     <span class='ocr_line' id='line_1_34' title="bbox 229 2756 1692 2831; baseline 0.008 -24"><span class='ocrx_word' id='word_1_422' title='bbox 229 2758 318 2808; x_wconf 83' lang='lat' dir='ltr'><strong>Hostis</strong></span> <span class='ocrx_word' id='word_1_423' title='bbox 336 2757 369 2805; x_wconf 91' lang='lat' dir='ltr'><strong>ab</strong></span> <span class='ocrx_word' id='word_1_424' title='bbox 388 2756 500 2820; x_wconf 74' lang='lat' dir='ltr'><strong>agricola</strong></span> <span class='ocrx_word' id='word_1_425' title='bbox 519 2756 561 2807; x_wconf 84' lang='lat' dir='ltr'><strong>rix</strong></span> <span class='ocrx_word' id='word_1_426' title='bbox 578 2757 638 2808; x_wconf 89' lang='lat' dir='ltr'><strong>sinit</strong></span> <span class='ocrx_word' id='word_1_427' title='bbox 655 2758 699 2808; x_wconf 90' lang='lat' dir='ltr'><strong>illa</strong></span> <span class='ocrx_word' id='word_1_428' title='bbox 718 2756 780 2808; x_wconf 80' lang='lat' dir='ltr'><strong>tout.</strong></span> <span class='ocrx_word' id='word_1_429' title='bbox 1008 2761 1172 2811; x_wconf 81' lang='lat' dir='ltr'><strong>Consemeus</strong></span> <span class='ocrx_word' id='word_1_430' title='bbox 1190 2762 1262 2823; x_wconf 90' lang='lat' dir='ltr'><strong>operi</strong></span> <span class='ocrx_word' id='word_1_431' title='bbox 1279 2767 1380 2824; x_wconf 89' lang='lat' dir='ltr'><strong>tempss</strong></span> <span class='ocrx_word' id='word_1_432' title='bbox 1398 2768 1553 2831; x_wconf 68' lang='lat' dir='ltr'><strong>ausuque</strong></span> <span class='ocrx_word' id='word_1_433' title='bbox 1573 2782 1627 2820; x_wconf 77' lang='lat' dir='ltr'><strong>sse</strong></span> <span class='ocrx_word' id='word_1_434' title='bbox 1644 2772 1692 2823; x_wconf 63' lang='lat' dir='ltr'><strong>d.</strong></span> 
     </span>
    </p>

    <p class='ocr_par' dir='ltr' id='par_1_17' title="bbox 195 2824 1669 2967">
     <span class='ocr_line' id='line_1_35' title="bbox 195 2824 1669 2894; baseline 0.004 -16"><span class='ocrx_word' id='word_1_435' title='bbox 195 2829 314 2891; x_wconf 86' lang='lat' dir='ltr'><strong>Purpura</strong></span> <span class='ocrx_word' id='word_1_436' title='bbox 332 2841 410 2890; x_wconf 88' lang='lat' dir='ltr'><strong>saepe</strong></span> <span class='ocrx_word' id='word_1_437' title='bbox 429 2834 485 2877; x_wconf 91' lang='lat' dir='ltr'><strong>tuos</strong></span> <span class='ocrx_word' id='word_1_438' title='bbox 503 2824 605 2891; x_wconf 70' lang='lat' dir='ltr'><strong>fulgens</strong></span> <span class='ocrx_word' id='word_1_439' title='bbox 622 2829 753 2891; x_wconf 78' lang='lat' dir='ltr'><strong>praetexit</strong></span> <span class='ocrx_word' id='word_1_440' title='bbox 769 2824 891 2876; x_wconf 84' lang='lat' dir='ltr'><strong>amictus:</strong></span> <span class='ocrx_word' id='word_1_441' title='bbox 974 2829 1052 2893; x_wconf 82' lang='lat' dir='ltr'><strong>uoto,</strong></span> <span class='ocrx_word' id='word_1_442' title='bbox 1072 2831 1120 2880; x_wconf 90' lang='lat' dir='ltr'><strong>nisi</strong></span> <span class='ocrx_word' id='word_1_443' title='bbox 1136 2829 1170 2880; x_wconf 90' lang='lat' dir='ltr'><strong>de</strong></span> <span class='ocrx_word' id='word_1_444' title='bbox 1188 2829 1249 2879; x_wconf 83' lang='lat' dir='ltr'><strong>sitio</strong></span> <span class='ocrx_word' id='word_1_445' title='bbox 1260 2831 1369 2880; x_wconf 89' lang='lat' dir='ltr'><strong>scribam</strong></span> <span class='ocrx_word' id='word_1_446' title='bbox 1391 2833 1514 2894; x_wconf 73' lang='lat' dir='ltr'><strong>regionis</strong></span> <span class='ocrx_word' id='word_1_447' title='bbox 1531 2846 1669 2891; x_wconf 72' lang='lat' dir='ltr'><strong>suarm</strong></span> 
     </span>
     <span class='ocr_line' id='line_1_36' title="bbox 230 2895 1627 2967; baseline 0.006 -22"><span class='ocrx_word' id='word_1_448' title='bbox 230 2895 283 2945; x_wconf 82' lang='lat' dir='ltr'><strong>Sed</strong></span> <span class='ocrx_word' id='word_1_449' title='bbox 300 2910 351 2945; x_wconf 89' lang='lat' dir='ltr'><strong>nou</strong></span> <span class='ocrx_word' id='word_1_450' title='bbox 370 2896 513 2946; x_wconf 82' lang='lat' dir='ltr'><strong>Sarmatica</strong></span> <span class='ocrx_word' id='word_1_451' title='bbox 529 2897 635 2959; x_wconf 76' lang='lat' dir='ltr'><strong>tingitnr</strong></span> <span class='ocrx_word' id='word_1_452' title='bbox 653 2898 697 2946; x_wconf 89' lang='lat' dir='ltr'><strong>illa</strong></span> <span class='ocrx_word' id='word_1_453' title='bbox 714 2911 800 2947; x_wconf 88' lang='lat' dir='ltr'><strong>manu.</strong></span> <span class='ocrx_word' id='word_1_454' title='bbox 1008 2900 1094 2964; x_wconf 86' lang='lat' dir='ltr'><strong>thue</strong></span> <span class='ocrx_word' id='word_1_455' title='bbox 1112 2900 1165 2949; x_wconf 90' lang='lat' dir='ltr'><strong>solu</strong></span> <span class='ocrx_word' id='word_1_456' title='bbox 1183 2899 1276 2949; x_wconf 88' lang='lat' dir='ltr'><strong>moriar</strong></span> <span class='ocrx_word' id='word_1_457' title='bbox 1293 2901 1477 2963; x_wconf 81' lang='lat' dir='ltr'><strong>commodiore,</strong></span> <span class='ocrx_word' id='word_1_458' title='bbox 1499 2915 1627 2967; x_wconf 69' lang='lat' dir='ltr'><strong>procus</strong></span> 
     </span>
    </p>

    <p class='ocr_par' dir='ltr' id='par_1_18' title="bbox 196 2961 1743 3103">
     <span class='ocr_line' id='line_1_37' title="bbox 196 2961 1653 3043; baseline 0.009 -28"><span class='ocrx_word' id='word_1_459' title='bbox 196 2967 303 3015; x_wconf 84' lang='lat' dir='ltr'><strong>Vellera</strong></span> <span class='ocrx_word' id='word_1_460' title='bbox 318 2963 383 3016; x_wconf 87' lang='lat' dir='ltr'><strong>dura</strong></span> <span class='ocrx_word' id='word_1_461' title='bbox 401 2962 627 3026; x_wconf 71' lang='lat' dir='ltr'><strong>irrumpendas,</strong></span> <span class='ocrx_word' id='word_1_462' title='bbox 645 2972 672 3016; x_wconf 91' lang='lat' dir='ltr'><strong>et</strong></span> <span class='ocrx_word' id='word_1_463' title='bbox 687 2964 803 3015; x_wconf 81' lang='lat' dir='ltr'><strong>Palladia</strong></span> <span class='ocrx_word' id='word_1_464' title='bbox 816 2961 853 3012; x_wconf 89' lang='lat' dir='ltr'><strong>uti</strong></span> <span class='ocrx_word' id='word_1_465' title='bbox 973 2970 1058 3021; x_wconf 72' lang='lat' dir='ltr'><strong>Quum</strong></span> <span class='ocrx_word' id='word_1_466' title='bbox 1081 2968 1157 3019; x_wconf 90' lang='lat' dir='ltr'><strong>toties</strong></span> <span class='ocrx_word' id='word_1_467' title='bbox 1179 2967 1271 3018; x_wconf 87' lang='lat' dir='ltr'><strong>eadem</strong></span> <span class='ocrx_word' id='word_1_468' title='bbox 1289 2969 1382 3028; x_wconf 83' lang='lat' dir='ltr'><strong>dicam,</strong></span> <span class='ocrx_word' id='word_1_469' title='bbox 1407 2971 1450 3019; x_wconf 83' lang='lat' dir='ltr'><strong>rix</strong></span> <span class='ocrx_word' id='word_1_470' title='bbox 1466 2975 1576 3027; x_wconf 81' lang='lat' dir='ltr'><strong>audior</strong></span> <span class='ocrx_word' id='word_1_471' title='bbox 1591 2978 1653 3043; x_wconf 81' lang='grc' dir='ltr'><strong>ιΙ,</strong></span> 
     </span>
     <span class='ocr_line' id='line_1_38' title="bbox 231 3032 1743 3103; baseline 0.007 -18"><span class='ocrx_word' id='word_1_472' title='bbox 231 3034 296 3086; x_wconf 79' lang='lat' dir='ltr'><strong>Arte</strong></span> <span class='ocrx_word' id='word_1_473' title='bbox 313 3035 464 3084; x_wconf 79' lang='lat' dir='ltr'><strong>Tomitanae</strong></span> <span class='ocrx_word' id='word_1_474' title='bbox 483 3049 532 3083; x_wconf 90' lang='lat' dir='ltr'><strong>nnn</strong></span> <span class='ocrx_word' id='word_1_475' title='bbox 552 3034 666 3083; x_wconf 85' lang='lat' dir='ltr'><strong>didicere</strong></span> <span class='ocrx_word' id='word_1_476' title='bbox 685 3049 772 3083; x_wconf 86' lang='lat' dir='ltr'><strong>nurus.</strong></span> <span class='ocrx_word' id='word_1_477' title='bbox 916 3032 948 3080; x_wconf 83' lang='lat'><strong>1⁰</strong></span> <span class='ocrx_word' id='word_1_478' title='bbox 1008 3037 1146 3103; x_wconf 82' lang='lat' dir='ltr'><strong>Verbaque</strong></span> <span class='ocrx_word' id='word_1_479' title='bbox 1164 3036 1281 3100; x_wconf 82' lang='lat' dir='ltr'><strong>prosectu</strong></span> <span class='ocrx_word' id='word_1_480' title='bbox 1301 3039 1460 3089; x_wconf 83' lang='lat' dir='ltr'><strong>dissimulata</strong></span> <span class='ocrx_word' id='word_1_481' title='bbox 1478 3053 1598 3098; x_wconf 80' lang='lat' dir='ltr'><strong>carent.</strong></span> <span class='ocrx_word' id='word_1_482' title='bbox 1716 3048 1743 3096; x_wconf 77' lang='lat' dir='ltr'><strong>ii</strong></span> 
     </span>
    </p>

    <p class='ocr_par' dir='ltr' id='par_1_19' title="bbox 195 3102 1743 3249">
     <span class='ocr_line' id='line_1_39' title="bbox 195 3102 1743 3177; baseline 0.009 -23"><span class='ocrx_word' id='word_1_483' title='bbox 195 3104 304 3154; x_wconf 79' lang='lat' dir='ltr'><strong>Femina</strong></span> <span class='ocrx_word' id='word_1_484' title='bbox 320 3119 368 3169; x_wconf 87' lang='lat' dir='ltr'><strong>pro</strong></span> <span class='ocrx_word' id='word_1_485' title='bbox 387 3105 447 3153; x_wconf 85' lang='lat' dir='ltr'><strong>lana</strong></span> <span class='ocrx_word' id='word_1_486' title='bbox 465 3102 583 3153; x_wconf 84' lang='lat' dir='ltr'><strong>Cerealia</strong></span> <span class='ocrx_word' id='word_1_487' title='bbox 602 3119 708 3153; x_wconf 86' lang='lat' dir='ltr'><strong>munera</strong></span> <span class='ocrx_word' id='word_1_488' title='bbox 727 3102 830 3165; x_wconf 75' lang='lat' dir='ltr'><strong>trangit,</strong></span> <span class='ocrx_word' id='word_1_489' title='bbox 975 3108 1007 3157; x_wconf 76' lang='lat' dir='ltr'><strong>ltt</strong></span> <span class='ocrx_word' id='word_1_490' title='bbox 1020 3109 1179 3159; x_wconf 86' lang='lat' dir='ltr'><strong>tameubaec</strong></span> <span class='ocrx_word' id='word_1_491' title='bbox 1190 3107 1494 3173; x_wconf 57' lang='lat' dir='ltr'><strong>eademquamsistnou</strong></span> <span class='ocrx_word' id='word_1_492' title='bbox 1506 3116 1743 3177; x_wconf 60' lang='lat' dir='ltr'><strong>scribimusidn</strong></span> 
     </span>
     <span class='ocr_line' id='line_1_40' title="bbox 229 3174 1664 3249; baseline 0.006 -26"><span class='ocrx_word' id='word_1_493' title='bbox 229 3174 417 3238; x_wconf 77' lang='lat' dir='ltr'><strong>Suppositoqoe</strong></span> <span class='ocrx_word' id='word_1_494' title='bbox 434 3188 539 3235; x_wconf 78' lang='lat' dir='ltr'><strong>gravem</strong></span> <span class='ocrx_word' id='word_1_495' title='bbox 559 3174 653 3223; x_wconf 83' lang='lat' dir='ltr'><strong>vertice</strong></span> <span class='ocrx_word' id='word_1_496' title='bbox 672 3179 757 3237; x_wconf 87' lang='lat' dir='ltr'><strong>portat</strong></span> <span class='ocrx_word' id='word_1_497' title='bbox 780 3186 880 3237; x_wconf 82' lang='lat' dir='ltr'><strong>aquam·</strong></span> <span class='ocrx_word' id='word_1_498' title='bbox 1008 3176 1116 3242; x_wconf 87' lang='lat' dir='ltr'><strong>Unaque</strong></span> <span class='ocrx_word' id='word_1_499' title='bbox 1135 3178 1286 3241; x_wconf 88' lang='lat' dir='ltr'><strong>perplures</strong></span> <span class='ocrx_word' id='word_1_500' title='bbox 1305 3193 1353 3228; x_wconf 84' lang='lat' dir='ltr'><strong>vox</strong></span> <span class='ocrx_word' id='word_1_501' title='bbox 1373 3193 1431 3227; x_wconf 87' lang='lat' dir='ltr'><strong>mes</strong></span> <span class='ocrx_word' id='word_1_502' title='bbox 1448 3187 1547 3235; x_wconf 76' lang='lat' dir='ltr'><strong>tentat</strong></span> <span class='ocrx_word' id='word_1_503' title='bbox 1566 3200 1664 3249; x_wconf 69' lang='lat' dir='ltr'><strong>spe..</strong></span> 
     </span>
    </p>

    <p class='ocr_par' dir='ltr' id='par_1_20' title="bbox 195 3243 1672 3380">
     <span class='ocr_line' id='line_1_41' title="bbox 195 3243 1672 3320; baseline 0.005 -26"><span class='ocrx_word' id='word_1_504' title='bbox 195 3245 253 3294; x_wconf 75' lang='lat' dir='ltr'><strong>lion</strong></span> <span class='ocrx_word' id='word_1_505' title='bbox 266 3245 306 3293; x_wconf 89' lang='lat' dir='ltr'><strong>bic</strong></span> <span class='ocrx_word' id='word_1_506' title='bbox 321 3243 463 3307; x_wconf 89' lang='lat' dir='ltr'><strong>pampineis</strong></span> <span class='ocrx_word' id='word_1_507' title='bbox 476 3243 594 3293; x_wconf 74' lang='lat' dir='ltr'><strong>amicitur</strong></span> <span class='ocrx_word' id='word_1_508' title='bbox 610 3243 704 3293; x_wconf 83' lang='lat' dir='ltr'><strong>vitibus</strong></span> <span class='ocrx_word' id='word_1_509' title='bbox 720 3244 816 3291; x_wconf 91' lang='lat' dir='ltr'><strong>ulmus:</strong></span> <span class='ocrx_word' id='word_1_510' title='bbox 974 3246 1026 3305; x_wconf 76' lang='lat' dir='ltr'><strong>Ao,</strong></span> <span class='ocrx_word' id='word_1_511' title='bbox 1045 3261 1077 3295; x_wconf 89' lang='lat' dir='ltr'><strong>ne</strong></span> <span class='ocrx_word' id='word_1_512' title='bbox 1095 3247 1133 3297; x_wconf 88' lang='lat' dir='ltr'><strong>bis</strong></span> <span class='ocrx_word' id='word_1_513' title='bbox 1151 3260 1252 3295; x_wconf 87' lang='lat' dir='ltr'><strong>senurm</strong></span> <span class='ocrx_word' id='word_1_514' title='bbox 1274 3247 1355 3296; x_wconf 90' lang='lat' dir='ltr'><strong>lector</strong></span> <span class='ocrx_word' id='word_1_515' title='bbox 1372 3249 1506 3311; x_wconf 87' lang='lat' dir='ltr'><strong>reperiret</strong></span> <span class='ocrx_word' id='word_1_516' title='bbox 1530 3255 1672 3320; x_wconf 66' lang='lat' dir='ltr'><strong>eandm,</strong></span> 
     </span>
     <span class='ocr_line' id='line_1_42' title="bbox 229 3311 1601 3380; baseline 0.009 -18"><span class='ocrx_word' id='word_1_517' title='bbox 229 3314 306 3362; x_wconf 76' lang='lat' dir='ltr'><strong>Nulli</strong></span> <span class='ocrx_word' id='word_1_518' title='bbox 323 3318 444 3376; x_wconf 90' lang='lat' dir='ltr'><strong>premunt</strong></span> <span class='ocrx_word' id='word_1_519' title='bbox 461 3327 545 3361; x_wconf 80' lang='lat' dir='ltr'><strong>ramos</strong></span> <span class='ocrx_word' id='word_1_520' title='bbox 563 3311 679 3376; x_wconf 86' lang='lat' dir='ltr'><strong>pondere</strong></span> <span class='ocrx_word' id='word_1_521' title='bbox 700 3326 776 3376; x_wconf 89' lang='lat' dir='ltr'><strong>poma</strong></span> <span class='ocrx_word' id='word_1_522' title='bbox 794 3322 848 3361; x_wconf 82' lang='lat' dir='ltr'><strong>sud.</strong></span> <span class='ocrx_word' id='word_1_523' title='bbox 1009 3315 1081 3366; x_wconf 87' lang='lat' dir='ltr'><strong>Unus</strong></span> <span class='ocrx_word' id='word_1_524' title='bbox 1095 3316 1242 3379; x_wconf 90' lang='lat' dir='ltr'><strong>amicorum,</strong></span> <span class='ocrx_word' id='word_1_525' title='bbox 1257 3316 1348 3377; x_wconf 88' lang='lat' dir='ltr'><strong>Brute,</strong></span> <span class='ocrx_word' id='word_1_526' title='bbox 1363 3318 1496 3380; x_wconf 70' lang='lat' dir='ltr'><strong>rogandus</strong></span> <span class='ocrx_word' id='word_1_527' title='bbox 1513 3331 1601 3375; x_wconf 85' lang='lat' dir='ltr'><strong>eratt</strong></span> 
     </span>
    </p>

    <p class='ocr_par' dir='ltr' id='par_1_21' title="bbox 192 3380 1744 3518">
     <span class='ocr_line' id='line_1_43' title="bbox 192 3380 1744 3456; baseline -0.004 -22"><span class='ocrx_word' id='word_1_528' title='bbox 192 3384 287 3434; x_wconf 77' lang='lat' dir='ltr'><strong>‘tristia</strong></span> <span class='ocrx_word' id='word_1_529' title='bbox 304 3381 434 3434; x_wconf 81' lang='lat' dir='ltr'><strong>deformes</strong></span> <span class='ocrx_word' id='word_1_530' title='bbox 450 3382 555 3447; x_wconf 88' lang='lat' dir='ltr'><strong>pariunt</strong></span> <span class='ocrx_word' id='word_1_531' title='bbox 573 3383 700 3433; x_wconf 86' lang='lat' dir='ltr'><strong>absinthia</strong></span> <span class='ocrx_word' id='word_1_532' title='bbox 719 3380 812 3444; x_wconf 89' lang='lat' dir='ltr'><strong>campi,</strong></span> <span class='ocrx_word' id='word_1_533' title='bbox 916 3383 948 3430; x_wconf 86' lang='lat' dir='ltr'><strong>lt</strong></span> <span class='ocrx_word' id='word_1_534' title='bbox 974 3385 1032 3436; x_wconf 73' lang='lat' dir='ltr'><strong>Nou</strong></span> <span class='ocrx_word' id='word_1_535' title='bbox 1054 3384 1104 3435; x_wconf 78' lang='lat' dir='ltr'><strong>suit</strong></span> <span class='ocrx_word' id='word_1_536' title='bbox 1119 3387 1166 3435; x_wconf 86' lang='lat' dir='ltr'><strong>boc</strong></span> <span class='ocrx_word' id='word_1_537' title='bbox 1184 3385 1267 3443; x_wconf 59' lang='lat' dir='ltr'><strong>taum</strong></span> <span class='ocrx_word' id='word_1_538' title='bbox 1286 3385 1402 3437; x_wconf 63' lang='lat' dir='ltr'><strong>confesso</strong></span> <span class='ocrx_word' id='word_1_539' title='bbox 1425 3386 1574 3456; x_wconf 54' lang='lat' dir='ltr'><strong>ignom..</strong></span> <span class='ocrx_word' id='word_1_540' title='bbox 1592 3394 1687 3449; x_wconf 58' lang='lat' dir='ltr'><strong>M,</strong></span> <span class='ocrx_word' id='word_1_541' title='bbox 1715 3397 1744 3445; x_wconf 61' lang='grc' dir='ltr'><em>α</em></span> 
     </span>
     <span class='ocr_line' id='line_1_44' title="bbox 227 3450 1532 3518; baseline 0.002 -16"><span class='ocrx_word' id='word_1_542' title='bbox 227 3454 357 3518; x_wconf 77' lang='lat' dir='ltr'><strong>Terraque</strong></span> <span class='ocrx_word' id='word_1_543' title='bbox 376 3450 409 3501; x_wconf 91' lang='lat' dir='ltr'><strong>de</strong></span> <span class='ocrx_word' id='word_1_544' title='bbox 428 3451 513 3503; x_wconf 78' lang='lat' dir='ltr'><strong>fructu</strong></span> <span class='ocrx_word' id='word_1_545' title='bbox 532 3467 607 3516; x_wconf 91' lang='lat' dir='ltr'><strong>quam</strong></span> <span class='ocrx_word' id='word_1_546' title='bbox 626 3453 658 3502; x_wconf 93' lang='lat' dir='ltr'><strong>sit</strong></span> <span class='ocrx_word' id='word_1_547' title='bbox 676 3467 764 3502; x_wconf 85' lang='lat' dir='ltr'><strong>amara</strong></span> <span class='ocrx_word' id='word_1_548' title='bbox 783 3450 868 3501; x_wconf 77' lang='lat' dir='ltr'><strong>soors</strong></span> <span class='ocrx_word' id='word_1_549' title='bbox 1007 3455 1089 3504; x_wconf 87' lang='lat' dir='ltr'><strong>Vilior</strong></span> <span class='ocrx_word' id='word_1_550' title='bbox 1107 3462 1147 3504; x_wconf 88' lang='lat' dir='ltr'><strong>est</strong></span> <span class='ocrx_word' id='word_1_551' title='bbox 1164 3455 1248 3518; x_wconf 86' lang='lat' dir='ltr'><strong>operis</strong></span> <span class='ocrx_word' id='word_1_552' title='bbox 1266 3453 1335 3507; x_wconf 80' lang='grc' dir='ltr'><strong>ιἰιιι</strong></span> <span class='ocrx_word' id='word_1_553' title='bbox 1351 3458 1436 3506; x_wconf 87' lang='lat' dir='ltr'><strong>salute</strong></span> <span class='ocrx_word' id='word_1_554' title='bbox 1455 3473 1532 3511; x_wconf 66' lang='grc' dir='ltr'><strong>ιω.</strong></span> 
     </span>
    </p>

    <p class='ocr_par' dir='ltr' id='par_1_22' title="bbox 194 3522 1715 3658">
     <span class='ocr_line' id='line_1_45' title="bbox 194 3522 1715 3603; baseline 0.001 -31"><span class='ocrx_word' id='word_1_555' title='bbox 194 3522 236 3572; x_wconf 86' lang='lat' dir='ltr'><strong>Nil</strong></span> <span class='ocrx_word' id='word_1_556' title='bbox 254 3523 330 3587; x_wconf 71' lang='lat' dir='ltr'><strong>igitur</strong></span> <span class='ocrx_word' id='word_1_557' title='bbox 347 3528 402 3571; x_wconf 86' lang='lat' dir='ltr'><strong>tota</strong></span> <span class='ocrx_word' id='word_1_558' title='bbox 420 3522 497 3572; x_wconf 86' lang='lat' dir='ltr'><strong>Ponti</strong></span> <span class='ocrx_word' id='word_1_559' title='bbox 514 3523 620 3583; x_wconf 75' lang='lat' dir='ltr'><strong>regione</strong></span> <span class='ocrx_word' id='word_1_560' title='bbox 639 3522 741 3581; x_wconf 86' lang='lat' dir='ltr'><strong>sinistri,</strong></span> <span class='ocrx_word' id='word_1_561' title='bbox 973 3525 1091 3589; x_wconf 87' lang='lat' dir='ltr'><strong>Denique</strong></span> <span class='ocrx_word' id='word_1_562' title='bbox 1110 3525 1253 3585; x_wconf 88' lang='lat' dir='ltr'><strong>materiam,</strong></span> <span class='ocrx_word' id='word_1_563' title='bbox 1270 3540 1345 3588; x_wconf 84' lang='lat' dir='ltr'><strong>quam</strong></span> <span class='ocrx_word' id='word_1_564' title='bbox 1364 3526 1419 3588; x_wconf 85' lang='lat' dir='ltr'><strong>quis</strong></span> <span class='ocrx_word' id='word_1_565' title='bbox 1438 3527 1484 3577; x_wconf 89' lang='lat' dir='ltr'><strong>sibi</strong></span> <span class='ocrx_word' id='word_1_566' title='bbox 1508 3528 1633 3589; x_wconf 62' lang='lat' dir='ltr'><strong>flamm</strong></span> <span class='ocrx_word' id='word_1_567' title='bbox 1649 3536 1715 3603; x_wconf 53' lang='lat' dir='ltr'><strong>sp..</strong></span> 
     </span>
     <span class='ocr_line' id='line_1_46' title="bbox 228 3590 1493 3658; baseline 0.003 -16"><span class='ocrx_word' id='word_1_568' title='bbox 228 3590 304 3642; x_wconf 84' lang='lat' dir='ltr'><strong>Quod</strong></span> <span class='ocrx_word' id='word_1_569' title='bbox 322 3605 379 3639; x_wconf 89' lang='lat' dir='ltr'><strong>mea</strong></span> <span class='ocrx_word' id='word_1_570' title='bbox 397 3591 521 3640; x_wconf 86' lang='lat' dir='ltr'><strong>sedulitas</strong></span> <span class='ocrx_word' id='word_1_571' title='bbox 539 3592 642 3640; x_wconf 89' lang='lat' dir='ltr'><strong>mittere</strong></span> <span class='ocrx_word' id='word_1_572' title='bbox 660 3598 756 3654; x_wconf 88' lang='lat' dir='ltr'><strong>posset,</strong></span> <span class='ocrx_word' id='word_1_573' title='bbox 775 3595 840 3641; x_wconf 83' lang='lat' dir='ltr'><strong>erat.</strong></span> <span class='ocrx_word' id='word_1_574' title='bbox 1008 3593 1122 3642; x_wconf 74' lang='lat' dir='ltr'><strong>Arbitrio</strong></span> <span class='ocrx_word' id='word_1_575' title='bbox 1141 3594 1223 3643; x_wconf 86' lang='lat' dir='ltr'><strong>variat</strong></span> <span class='ocrx_word' id='word_1_576' title='bbox 1240 3595 1320 3645; x_wconf 83' lang='lat' dir='ltr'><strong>mults</strong></span> <span class='ocrx_word' id='word_1_577' title='bbox 1339 3598 1493 3658; x_wconf 72' lang='lat' dir='ltr'><strong>poeumo.</strong></span> 
     </span>
    </p>

    <p class='ocr_par' dir='ltr' id='par_1_23' title="bbox 194 3660 1745 3796">
     <span class='ocr_line' id='line_1_47' title="bbox 194 3660 1745 3733; baseline 0.004 -23"><span class='ocrx_word' id='word_1_578' title='bbox 194 3660 288 3710; x_wconf 83' lang='lat' dir='ltr'><strong>Clausa</strong></span> <span class='ocrx_word' id='word_1_579' title='bbox 306 3666 391 3709; x_wconf 84' lang='lat' dir='ltr'><strong>tamen</strong></span> <span class='ocrx_word' id='word_1_580' title='bbox 412 3660 467 3709; x_wconf 86' lang='lat' dir='ltr'><strong>misi</strong></span> <span class='ocrx_word' id='word_1_581' title='bbox 486 3660 605 3722; x_wconf 85' lang='lat' dir='ltr'><strong>Scythica</strong></span> <span class='ocrx_word' id='word_1_582' title='bbox 623 3660 667 3709; x_wconf 90' lang='lat' dir='ltr'><strong>tibi</strong></span> <span class='ocrx_word' id='word_1_583' title='bbox 687 3662 739 3710; x_wconf 88' lang='lat' dir='ltr'><strong>tela</strong></span> <span class='ocrx_word' id='word_1_584' title='bbox 756 3662 896 3723; x_wconf 83' lang='lat' dir='ltr'><strong>pharetra:</strong></span> <span class='ocrx_word' id='word_1_585' title='bbox 972 3663 1049 3713; x_wconf 79' lang='lat' dir='ltr'><strong>ilusa</strong></span> <span class='ocrx_word' id='word_1_586' title='bbox 1061 3678 1118 3713; x_wconf 90' lang='lat' dir='ltr'><strong>mea</strong></span> <span class='ocrx_word' id='word_1_587' title='bbox 1131 3669 1171 3713; x_wconf 88' lang='lat' dir='ltr'><strong>est</strong></span> <span class='ocrx_word' id='word_1_588' title='bbox 1185 3662 1263 3713; x_wconf 88' lang='lat' dir='ltr'><strong>iudex</strong></span> <span class='ocrx_word' id='word_1_589' title='bbox 1277 3664 1380 3713; x_wconf 84' lang='lat' dir='ltr'><strong>nimium</strong></span> <span class='ocrx_word' id='word_1_590' title='bbox 1394 3679 1498 3729; x_wconf 85' lang='lat' dir='ltr'><strong>qusque</strong></span> <span class='ocrx_word' id='word_1_591' title='bbox 1523 3685 1596 3723; x_wconf 66' lang='lat' dir='ltr'><strong>vm</strong></span> <span class='ocrx_word' id='word_1_592' title='bbox 1610 3676 1745 3733; x_wconf 59' lang='lat' dir='ltr'><strong>m</strong></span> 
     </span>
     <span class='ocr_line' id='line_1_48' title="bbox 229 3728 1744 3796; baseline 0.007 -18"><span class='ocrx_word' id='word_1_593' title='bbox 229 3729 312 3778; x_wconf 84' lang='lat' dir='ltr'><strong>Hoste</strong></span> <span class='ocrx_word' id='word_1_594' title='bbox 331 3743 422 3791; x_wconf 88' lang='lat' dir='ltr'><strong>precor</strong></span> <span class='ocrx_word' id='word_1_595' title='bbox 440 3728 505 3777; x_wconf 83' lang='lat' dir='ltr'><strong>fiant</strong></span> <span class='ocrx_word' id='word_1_596' title='bbox 526 3729 570 3777; x_wconf 86' lang='lat' dir='ltr'><strong>illu</strong></span> <span class='ocrx_word' id='word_1_597' title='bbox 588 3736 695 3778; x_wconf 83' lang='lat' dir='ltr'><strong>cruenta</strong></span> <span class='ocrx_word' id='word_1_598' title='bbox 714 3735 767 3779; x_wconf 88' lang='lat' dir='ltr'><strong>tuo.</strong></span> <span class='ocrx_word' id='word_1_599' title='bbox 915 3731 947 3776; x_wconf 81' lang='lat'><strong>2⁰</strong></span> <span class='ocrx_word' id='word_1_600' title='bbox 1007 3732 1095 3796; x_wconf 80' lang='lat' dir='ltr'><strong>Atque</strong></span> <span class='ocrx_word' id='word_1_601' title='bbox 1113 3733 1253 3796; x_wconf 89' lang='lat' dir='ltr'><strong>incorrupti</strong></span> <span class='ocrx_word' id='word_1_602' title='bbox 1270 3734 1386 3795; x_wconf 84' lang='lat' dir='ltr'><strong>pondera</strong></span> <span class='ocrx_word' id='word_1_603' title='bbox 1405 3735 1479 3785; x_wconf 88' lang='lat' dir='ltr'><strong>testis</strong></span> <span class='ocrx_word' id='word_1_604' title='bbox 1499 3737 1603 3794; x_wconf 75' lang='lat' dir='ltr'><strong>habet.</strong></span> <span class='ocrx_word' id='word_1_605' title='bbox 1710 3747 1744 3791; x_wconf 76' lang='grc' dir='ltr'><strong>ιι</strong></span> 
     </span>
    </p>

    <p class='ocr_par' dir='ltr' id='par_1_24' title="bbox 195 3796 1679 3936">
     <span class='ocr_line' id='line_1_49' title="bbox 195 3796 1679 3869; baseline 0.006 -21"><span class='ocrx_word' id='word_1_606' title='bbox 195 3796 251 3848; x_wconf 83' lang='lat' dir='ltr'><strong>Hos</strong></span> <span class='ocrx_word' id='word_1_607' title='bbox 266 3800 344 3847; x_wconf 84' lang='lat' dir='ltr'><strong>babet</strong></span> <span class='ocrx_word' id='word_1_608' title='bbox 360 3798 424 3846; x_wconf 86' lang='lat' dir='ltr'><strong>haec</strong></span> <span class='ocrx_word' id='word_1_609' title='bbox 436 3798 557 3859; x_wconf 86' lang='lat' dir='ltr'><strong>calamos,</strong></span> <span class='ocrx_word' id='word_1_610' title='bbox 567 3798 685 3846; x_wconf 87' lang='lat' dir='ltr'><strong>busbacc</strong></span> <span class='ocrx_word' id='word_1_611' title='bbox 695 3797 946 3847; x_wconf 84' lang='lat' dir='ltr'><strong>habetoralibellos:</strong></span> <span class='ocrx_word' id='word_1_612' title='bbox 973 3802 1029 3850; x_wconf 81' lang='lat' dir='ltr'><strong>ltiec</strong></span> <span class='ocrx_word' id='word_1_613' title='bbox 1041 3803 1105 3851; x_wconf 91' lang='lat' dir='ltr'><strong>liber</strong></span> <span class='ocrx_word' id='word_1_614' title='bbox 1122 3809 1149 3852; x_wconf 92' lang='lat' dir='ltr'><strong>ut</strong></span> <span class='ocrx_word' id='word_1_615' title='bbox 1166 3802 1250 3863; x_wconf 83' lang='lat' dir='ltr'><strong>fieret,</strong></span> <span class='ocrx_word' id='word_1_616' title='bbox 1266 3802 1312 3852; x_wconf 90' lang='lat' dir='ltr'><strong>sed</strong></span> <span class='ocrx_word' id='word_1_617' title='bbox 1328 3804 1365 3852; x_wconf 91' lang='lat' dir='ltr'><strong>uti</strong></span> <span class='ocrx_word' id='word_1_618' title='bbox 1381 3817 1426 3853; x_wconf 88' lang='lat' dir='ltr'><strong>sua</strong></span> <span class='ocrx_word' id='word_1_619' title='bbox 1442 3806 1544 3869; x_wconf 87' lang='lat' dir='ltr'><strong>cuique</strong></span> <span class='ocrx_word' id='word_1_620' title='bbox 1562 3812 1679 3865; x_wconf 67' lang='lat' dir='ltr'><strong>atam</strong></span> 
     </span>
     <span class='ocr_line' id='line_1_50' title="bbox 229 3866 1621 3936; baseline 0.007 -19"><span class='ocrx_word' id='word_1_621' title='bbox 229 3868 304 3917; x_wconf 84' lang='lat' dir='ltr'><strong>Haec</strong></span> <span class='ocrx_word' id='word_1_622' title='bbox 317 3867 386 3931; x_wconf 78' lang='lat' dir='ltr'><strong>viget</strong></span> <span class='ocrx_word' id='word_1_623' title='bbox 401 3867 426 3916; x_wconf 88' lang='lat' dir='ltr'><strong>in</strong></span> <span class='ocrx_word' id='word_1_624' title='bbox 439 3866 541 3929; x_wconf 83' lang='lat' dir='ltr'><strong>nostrie,</strong></span> <span class='ocrx_word' id='word_1_625' title='bbox 552 3866 677 3926; x_wconf 84' lang='lat' dir='ltr'><strong>Maxime,</strong></span> <span class='ocrx_word' id='word_1_626' title='bbox 691 3868 768 3916; x_wconf 86' lang='lat' dir='ltr'><strong>Musa</strong></span> <span class='ocrx_word' id='word_1_627' title='bbox 780 3867 850 3915; x_wconf 88' lang='lat' dir='ltr'><strong>locis.</strong></span> <span class='ocrx_word' id='word_1_628' title='bbox 1007 3872 1114 3931; x_wconf 81' lang='lat' dir='ltr'><strong>Littera,</strong></span> <span class='ocrx_word' id='word_1_629' title='bbox 1132 3872 1289 3935; x_wconf 84' lang='lat' dir='ltr'><strong>propositum</strong></span> <span class='ocrx_word' id='word_1_630' title='bbox 1308 3886 1419 3936; x_wconf 87' lang='lat' dir='ltr'><strong>curaque</strong></span> <span class='ocrx_word' id='word_1_631' title='bbox 1437 3881 1533 3927; x_wconf 85' lang='lat' dir='ltr'><strong>nostra</strong></span> <span class='ocrx_word' id='word_1_632' title='bbox 1555 3880 1621 3935; x_wconf 73' lang='lat' dir='ltr'><strong>fnit.</strong></span> 
     </span>
    </p>

    <p class='ocr_par' dir='ltr' id='par_1_25' title="bbox 194 3935 1730 4015">
     <span class='ocr_line' id='line_1_51' title="bbox 194 3935 1730 4015; baseline 0.003 -29"><span class='ocrx_word' id='word_1_633' title='bbox 194 3938 268 3991; x_wconf 84' lang='lat' dir='ltr'><strong>Quae</strong></span> <span class='ocrx_word' id='word_1_634' title='bbox 283 3952 427 4003; x_wconf 88' lang='lat' dir='ltr'><strong>quanquam</strong></span> <span class='ocrx_word' id='word_1_635' title='bbox 440 3936 538 3986; x_wconf 85' lang='lat' dir='ltr'><strong>misisse</strong></span> <span class='ocrx_word' id='word_1_636' title='bbox 554 3935 947 4000; x_wconf 68' lang='lat' dir='ltr'><strong>pudetquapnvaudentm,</strong></span> <span class='ocrx_word' id='word_1_637' title='bbox 971 3941 1111 3991; x_wconf 84' lang='lat' dir='ltr'><strong>Postmodo</strong></span> <span class='ocrx_word' id='word_1_638' title='bbox 1133 3943 1262 3999; x_wconf 86' lang='lat' dir='ltr'><strong>collectas,</strong></span> <span class='ocrx_word' id='word_1_639' title='bbox 1279 3947 1415 4007; x_wconf 89' lang='lat' dir='ltr'><strong>utcumque</strong></span> <span class='ocrx_word' id='word_1_640' title='bbox 1429 3944 1486 3990; x_wconf 90' lang='lat' dir='ltr'><strong>siue</strong></span> <span class='ocrx_word' id='word_1_641' title='bbox 1503 3949 1621 4015; x_wconf 64' lang='lat' dir='ltr'><strong>ordine,</strong></span> <span class='ocrx_word' id='word_1_642' title='bbox 1644 3951 1730 4015; x_wconf 59' lang='lat' dir='ltr'><strong>{mig</strong></span> 
     </span>
    </p>

    <p class='ocr_par' dir='ltr' id='par_1_26' title="bbox 177 4005 1612 4077">
     <span class='ocr_line' id='line_1_52' title="bbox 177 4005 1612 4077; baseline 0.003 -20"><span class='ocrx_word' id='word_1_643' title='bbox 177 4034 180 4039; x_wconf 95' lang='lat'>·</span> <span class='ocrx_word' id='word_1_644' title='bbox 226 4009 265 4057; x_wconf 83' lang='lat' dir='ltr'><strong>&#39;l&#39;u</strong></span> <span class='ocrx_word' id='word_1_645' title='bbox 282 4014 367 4057; x_wconf 87' lang='lat' dir='ltr'><strong>tamen</strong></span> <span class='ocrx_word' id='word_1_646' title='bbox 383 4008 458 4070; x_wconf 80' lang='lat' dir='ltr'><strong>baec,</strong></span> <span class='ocrx_word' id='word_1_647' title='bbox 474 4022 579 4072; x_wconf 87' lang='lat' dir='ltr'><strong>quaeso,</strong></span> <span class='ocrx_word' id='word_1_648' title='bbox 600 4008 703 4055; x_wconf 87' lang='lat' dir='ltr'><strong>consule</strong></span> <span class='ocrx_word' id='word_1_649' title='bbox 715 4007 793 4055; x_wconf 88' lang='lat' dir='ltr'><strong>missa</strong></span> <span class='ocrx_word' id='word_1_650' title='bbox 809 4005 877 4056; x_wconf 90' lang='lat' dir='ltr'><strong>boui.</strong></span> <span class='ocrx_word' id='word_1_651' title='bbox 1006 4010 1064 4059; x_wconf 85' lang='lat' dir='ltr'><strong>Hoc</strong></span> <span class='ocrx_word' id='word_1_652' title='bbox 1081 4026 1145 4073; x_wconf 88' lang='lat' dir='ltr'><strong>opus</strong></span> <span class='ocrx_word' id='word_1_653' title='bbox 1163 4011 1273 4058; x_wconf 89' lang='lat' dir='ltr'><strong>electum</strong></span> <span class='ocrx_word' id='word_1_654' title='bbox 1293 4025 1325 4059; x_wconf 89' lang='lat' dir='ltr'><strong>ne</strong></span> <span class='ocrx_word' id='word_1_655' title='bbox 1344 4012 1404 4061; x_wconf 86' lang='lat' dir='ltr'><strong>milri</strong></span> <span class='ocrx_word' id='word_1_656' title='bbox 1423 4009 1491 4061; x_wconf 81' lang='lat' dir='ltr'><strong>forte</strong></span> <span class='ocrx_word' id='word_1_657' title='bbox 1513 4026 1612 4077; x_wconf 62' lang='lat' dir='ltr'><strong>pate..</strong></span> 
     </span>
    </p>
   </div>
   <div class='ocr_carea' id='block_1_3' title="bbox 358 4080 1746 4168">
    <p class='ocr_par' dir='ltr' id='par_1_27' title="bbox 358 4080 1746 4168">
     <span class='ocr_line' id='line_1_53' title="bbox 358 4080 1746 4168; baseline -0.012 -2"><span class='ocrx_word' id='word_1_658' title='bbox 358 4106 386 4166; x_wconf 83' lang='grc' dir='ltr'><strong>ι</strong></span> <span class='ocrx_word' id='word_1_659' title='bbox 406 4106 432 4168; x_wconf 79' lang='grc' dir='ltr'><strong>ι</strong></span> <span class='ocrx_word' id='word_1_660' title='bbox 453 4111 466 4168; x_wconf 87' lang='lat'>1</span> <span class='ocrx_word' id='word_1_661' title='bbox 488 4105 510 4166; x_wconf 83' lang='lat' dir='ltr'><strong>s</strong></span> <span class='ocrx_word' id='word_1_662' title='bbox 531 4107 559 4167; x_wconf 75' lang='lat' dir='ltr'><strong>&#39;r</strong></span> <span class='ocrx_word' id='word_1_663' title='bbox 582 4105 608 4165; x_wconf 93' lang='lat'>0</span> <span class='ocrx_word' id='word_1_664' title='bbox 630 4104 655 4165; x_wconf 83' lang='grc' dir='ltr'><strong>ι</strong></span> <span class='ocrx_word' id='word_1_665' title='bbox 676 4105 703 4166; x_wconf 79' lang='lat' dir='ltr'><strong>s</strong></span> <span class='ocrx_word' id='word_1_666' title='bbox 745 4106 795 4167; x_wconf 85' lang='lat' dir='ltr'><strong>rx.</strong></span> <span class='ocrx_word' id='word_1_667' title='bbox 972 4080 1012 4128; x_wconf 76' lang='lat'><strong>⁰²</strong></span> <span class='ocrx_word' id='word_1_668' title='bbox 1030 4081 1131 4129; x_wconf 61' lang='lat' dir='ltr'><strong>”tir</strong></span> <span class='ocrx_word' id='word_1_669' title='bbox 1152 4081 1263 4142; x_wconf 57' lang='lat' dir='ltr'><strong>scirpo,</strong></span> <span class='ocrx_word' id='word_1_670' title='bbox 1286 4096 1390 4144; x_wconf 65' lang='lat' dir='ltr'><strong>,rsus</strong></span> <span class='ocrx_word' id='word_1_671' title='bbox 1411 4095 1461 4129; x_wconf 76' lang='lat'><strong>⁰0·</strong></span> <span class='ocrx_word' id='word_1_672' title='bbox 1484 4085 1578 4143; x_wconf 61' lang='lat' dir='ltr'><strong>suri·</strong></span> <span class='ocrx_word' id='word_1_673' title='bbox 1600 4092 1683 4143; x_wconf 75' lang='lat' dir='ltr'><strong>..m</strong></span> <span class='ocrx_word' id='word_1_674' title='bbox 1715 4095 1746 4144; x_wconf 81' lang='lat' dir='ltr'><strong>u</strong></span> 
     </span>
    </p>
   </div>
   <div class='ocr_carea' id='block_1_4' title="bbox 194 4148 1537 4349">
    <p class='ocr_par' dir='ltr' id='par_1_28' title="bbox 194 4148 1537 4349">
     <span class='ocr_line' id='line_1_54' title="bbox 1005 4148 1537 4214; baseline 0.008 -15"><span class='ocrx_word' id='word_1_675' title='bbox 1005 4149 1100 4214; x_wconf 84' lang='lat' dir='ltr'><strong>Causa,</strong></span> <span class='ocrx_word' id='word_1_676' title='bbox 1112 4150 1159 4200; x_wconf 89' lang='lat' dir='ltr'><strong>sed</strong></span> <span class='ocrx_word' id='word_1_677' title='bbox 1178 4150 1273 4200; x_wconf 87' lang='lat' dir='ltr'><strong>utilitas</strong></span> <span class='ocrx_word' id='word_1_678' title='bbox 1289 4148 1459 4214; x_wconf 82' lang='lat' dir='ltr'><strong>officiumque,</strong></span> <span class='ocrx_word' id='word_1_679' title='bbox 1473 4150 1537 4207; x_wconf 79' lang='lat' dir='ltr'><strong>suit.</strong></span> 
     </span>
     <span class='ocr_line' id='line_1_55' title="bbox 194 4212 912 4278; baseline -0.004 -12"><span class='ocrx_word' id='word_1_680' title='bbox 194 4214 269 4266; x_wconf 80' lang='lat' dir='ltr'><strong>Quod</strong></span> <span class='ocrx_word' id='word_1_681' title='bbox 291 4215 324 4265; x_wconf 90' lang='lat' dir='ltr'><strong>sit</strong></span> <span class='ocrx_word' id='word_1_682' title='bbox 344 4215 369 4265; x_wconf 89' lang='lat' dir='ltr'><strong>in</strong></span> <span class='ocrx_word' id='word_1_683' title='bbox 392 4216 430 4264; x_wconf 82' lang='lat' dir='ltr'><strong>hir</strong></span> <span class='ocrx_word' id='word_1_684' title='bbox 444 4212 534 4265; x_wconf 85' lang='lat' dir='ltr'><strong>eadem</strong></span> <span class='ocrx_word' id='word_1_685' title='bbox 550 4214 688 4278; x_wconf 89' lang='lat' dir='ltr'><strong>sententia,</strong></span> <span class='ocrx_word' id='word_1_686' title='bbox 702 4216 793 4278; x_wconf 85' lang='lat' dir='ltr'><strong>Brute,</strong></span> <span class='ocrx_word' id='word_1_687' title='bbox 810 4214 912 4278; x_wconf 90' lang='lat' dir='ltr'><strong>libellis,</strong></span> 
     </span>
     <span class='ocr_line' id='line_1_56' title="bbox 228 4283 890 4349; baseline 0.002 -14"><span class='ocrx_word' id='word_1_688' title='bbox 228 4285 348 4336; x_wconf 74' lang='lat' dir='ltr'><strong>Carmim</strong></span> <span class='ocrx_word' id='word_1_689' title='bbox 365 4285 450 4335; x_wconf 87' lang='lat' dir='ltr'><strong>nescio</strong></span> <span class='ocrx_word' id='word_1_690' title='bbox 468 4300 543 4349; x_wconf 92' lang='lat' dir='ltr'><strong>quem</strong></span> <span class='ocrx_word' id='word_1_691' title='bbox 561 4298 669 4347; x_wconf 87' lang='lat' dir='ltr'><strong>carpere</strong></span> <span class='ocrx_word' id='word_1_692' title='bbox 688 4292 776 4335; x_wconf 86' lang='lat' dir='ltr'><strong>nostra</strong></span> <span class='ocrx_word' id='word_1_693' title='bbox 793 4283 890 4336; x_wconf 80' lang='lat' dir='ltr'><strong>referas</strong></span> 
     </span>
    </p>
   </div>
   <div class='ocr_carea' id='block_1_5' title="bbox 192 4449 1749 4733">
    <p class='ocr_par' dir='ltr' id='par_1_29' title="bbox 192 4449 1749 4733">
     <span class='ocr_line' id='line_1_57' title="bbox 245 4449 1652 4510; baseline 0.006 -15"><span class='ocrx_word' id='word_1_694' title='bbox 245 4452 271 4495; x_wconf 84' lang='lat' dir='ltr'><strong>tl</strong></span> <span class='ocrx_word' id='word_1_695' title='bbox 286 4450 360 4502; x_wconf 83' lang='lat' dir='ltr'><strong>levet,</strong></span> <span class='ocrx_word' id='word_1_696' title='bbox 373 4449 444 4502; x_wconf 62' lang='lat' dir='ltr'><strong>situm</strong></span> <span class='ocrx_word' id='word_1_697' title='bbox 456 4461 508 4492; x_wconf 88' lang='lat' dir='ltr'><strong>nam</strong></span> <span class='ocrx_word' id='word_1_698' title='bbox 522 4449 592 4493; x_wconf 90' lang='lat' dir='ltr'><strong>lrrlts</strong></span> <span class='ocrx_word' id='word_1_699' title='bbox 605 4463 697 4505; x_wconf 81' lang='lat' dir='ltr'><strong>semper</strong></span> <span class='ocrx_word' id='word_1_700' title='bbox 709 4464 762 4505; x_wconf 83' lang='lat' dir='ltr'><strong>spes</strong></span> <span class='ocrx_word' id='word_1_701' title='bbox 776 4465 820 4496; x_wconf 87' lang='lat' dir='ltr'><strong>ses</strong></span> <span class='ocrx_word' id='word_1_702' title='bbox 834 4451 907 4497; x_wconf 76' lang='lat' dir='ltr'><strong>iurat</strong></span> <span class='ocrx_word' id='word_1_703' title='bbox 947 4454 975 4498; x_wconf 75' lang='grc' dir='ltr'><strong>ΙΙ</strong></span> <span class='ocrx_word' id='word_1_704' title='bbox 989 4452 1088 4496; x_wconf 79' lang='lat' dir='ltr'><strong>litasse</strong></span> <span class='ocrx_word' id='word_1_705' title='bbox 1102 4453 1211 4497; x_wconf 77' lang='lat' dir='ltr'><strong>teretes</strong></span> <span class='ocrx_word' id='word_1_706' title='bbox 1223 4458 1316 4510; x_wconf 84' lang='lat' dir='ltr'><strong>putare,</strong></span> <span class='ocrx_word' id='word_1_707' title='bbox 1329 4465 1389 4509; x_wconf 87' lang='lat' dir='ltr'><strong>quse</strong></span> <span class='ocrx_word' id='word_1_708' title='bbox 1402 4454 1483 4509; x_wconf 82' lang='lat' dir='ltr'><strong>ceptae</strong></span> <span class='ocrx_word' id='word_1_709' title='bbox 1498 4454 1571 4505; x_wconf 74' lang='lat' dir='ltr'><strong>fleri.</strong></span> <span class='ocrx_word' id='word_1_710' title='bbox 1618 4465 1652 4509; x_wconf 61' lang='lat' dir='ltr'>x</span> 
     </span>
     <span class='ocr_line' id='line_1_58' title="bbox 192 4505 1748 4568; baseline 0.011 -19"><span class='ocrx_word' id='word_1_711' title='bbox 192 4509 265 4549; x_wconf 79' lang='lat' dir='ltr'><strong>miore</strong></span> <span class='ocrx_word' id='word_1_712' title='bbox 278 4505 326 4551; x_wconf 86' lang='lat' dir='ltr'><strong>cod.</strong></span> <span class='ocrx_word' id='word_1_713' title='bbox 342 4518 388 4560; x_wconf 89' lang='lat' dir='ltr'><strong>qus</strong></span> <span class='ocrx_word' id='word_1_714' title='bbox 401 4517 456 4547; x_wconf 82' lang='lat' dir='ltr'><strong>voce</strong></span> <span class='ocrx_word' id='word_1_715' title='bbox 471 4518 552 4548; x_wconf 82' lang='lat' dir='ltr'><strong>versus</strong></span> <span class='ocrx_word' id='word_1_716' title='bbox 566 4510 603 4547; x_wconf 89' lang='lat' dir='ltr'><strong>est</strong></span> <span class='ocrx_word' id='word_1_717' title='bbox 616 4507 705 4550; x_wconf 81' lang='lat' dir='ltr'><strong>Seneca</strong></span> <span class='ocrx_word' id='word_1_718' title='bbox 719 4508 761 4562; x_wconf 76' lang='lat' dir='ltr'><strong>lip-</strong></span> <span class='ocrx_word' id='word_1_719' title='bbox 816 4509 843 4551; x_wconf 78' lang='lat' dir='ltr'><strong>ii</strong></span> <span class='ocrx_word' id='word_1_720' title='bbox 856 4522 890 4563; x_wconf 76' lang='lat' dir='ltr'><strong>sq.</strong></span> <span class='ocrx_word' id='word_1_721' title='bbox 902 4509 963 4553; x_wconf 82' lang='lat' dir='ltr'><strong>Snt</strong></span> <span class='ocrx_word' id='word_1_722' title='bbox 976 4508 1047 4552; x_wconf 82' lang='lat' dir='ltr'><strong>verba</strong></span> <span class='ocrx_word' id='word_1_723' title='bbox 1059 4520 1123 4563; x_wconf 83' lang='lat' dir='ltr'><strong>spera</strong></span> <span class='ocrx_word' id='word_1_724' title='bbox 1143 4509 1168 4552; x_wconf 89' lang='grc' dir='ltr'><strong>ιι</strong></span> <span class='ocrx_word' id='word_1_725' title='bbox 1181 4511 1232 4565; x_wconf 82' lang='lat' dir='ltr'><strong>ipsa</strong></span> <span class='ocrx_word' id='word_1_726' title='bbox 1246 4509 1407 4565; x_wconf 75' lang='lat' dir='ltr'><strong>desperatione</strong></span> <span class='ocrx_word' id='word_1_727' title='bbox 1431 4524 1476 4553; x_wconf 81' lang='grc' dir='ltr'><strong>ιιι</strong></span> <span class='ocrx_word' id='word_1_728' title='bbox 1492 4511 1664 4568; x_wconf 68' lang='lat' dir='ltr'><strong>depone-tiae</strong></span> <span class='ocrx_word' id='word_1_729' title='bbox 1680 4523 1748 4567; x_wconf 77' lang='lat' dir='ltr'><strong>iin-</strong></span> 
     </span>
     <span class='ocr_line' id='line_1_59' title="bbox 192 4559 1749 4631; baseline 0.006 -29"><span class='ocrx_word' id='word_1_730' title='bbox 192 4562 257 4607; x_wconf 80' lang='lat' dir='ltr'><strong>morlo</strong></span> <span class='ocrx_word' id='word_1_731' title='bbox 271 4562 377 4605; x_wconf 74' lang='lat' dir='ltr'><strong>Caesaris</strong></span> <span class='ocrx_word' id='word_1_732' title='bbox 391 4560 427 4603; x_wconf 81' lang='lat' dir='ltr'><strong>tra</strong></span> <span class='ocrx_word' id='word_1_733' title='bbox 442 4572 485 4603; x_wconf 88' lang='grc' dir='ltr'><strong>ιιι</strong></span> <span class='ocrx_word' id='word_1_734' title='bbox 500 4559 557 4602; x_wconf 86' lang='lat' dir='ltr'><strong>sdou</strong></span> <span class='ocrx_word' id='word_1_735' title='bbox 572 4573 644 4614; x_wconf 89' lang='lat' dir='ltr'><strong>usque</strong></span> <span class='ocrx_word' id='word_1_736' title='bbox 658 4563 753 4607; x_wconf 83' lang='lat' dir='ltr'><strong>inmitis</strong></span> <span class='ocrx_word' id='word_1_737' title='bbox 767 4562 848 4617; x_wconf 77' lang='lat' dir='ltr'><strong>suerit,</strong></span> <span class='ocrx_word' id='word_1_738' title='bbox 862 4571 889 4607; x_wconf 87' lang='lat' dir='ltr'><strong>ut</strong></span> <span class='ocrx_word' id='word_1_739' title='bbox 902 4565 964 4607; x_wconf 83' lang='lat' dir='ltr'><strong>vobis</strong></span> <span class='ocrx_word' id='word_1_740' title='bbox 977 4569 1059 4618; x_wconf 83' lang='lat' dir='ltr'><strong>petere</strong></span> <span class='ocrx_word' id='word_1_741' title='bbox 1073 4576 1114 4617; x_wconf 90' lang='lat' dir='ltr'><strong>pro</strong></span> <span class='ocrx_word' id='word_1_742' title='bbox 1128 4576 1164 4607; x_wconf 89' lang='lat' dir='ltr'><strong>me</strong></span> <span class='ocrx_word' id='word_1_743' title='bbox 1178 4564 1334 4615; x_wconf 76' lang='lat' dir='ltr'><strong>interdixerit,</strong></span> <span class='ocrx_word' id='word_1_744' title='bbox 1348 4565 1441 4608; x_wconf 83' lang='lat' dir='ltr'><strong>tortltcr</strong></span> <span class='ocrx_word' id='word_1_745' title='bbox 1461 4576 1569 4615; x_wconf 68' lang='lat' dir='ltr'><strong>mortes·</strong></span> <span class='ocrx_word' id='word_1_746' title='bbox 1597 4578 1749 4631; x_wconf 57' lang='lat' dir='ltr'><strong>mm</strong></span> 
     </span>
     <span class='ocr_line' id='line_1_60' title="bbox 193 4615 1749 4679; baseline 0.007 -22"><span class='ocrx_word' id='word_1_747' title='bbox 193 4615 552 4669; x_wconf 57' lang='lat' dir='ltr'><strong>wittimirum—meri.</strong></span> <span class='ocrx_word' id='word_1_748' title='bbox 592 4615 763 4673; x_wconf 59' lang='lat' dir='ltr'><strong>llldllgrins,</strong></span> <span class='ocrx_word' id='word_1_749' title='bbox 777 4624 843 4674; x_wconf 83' lang='lat' dir='ltr'><strong>pater</strong></span> <span class='ocrx_word' id='word_1_750' title='bbox 856 4616 988 4663; x_wconf 76' lang='lat' dir='ltr'><strong>Thersitae.</strong></span> <span class='ocrx_word' id='word_1_751' title='bbox 1030 4618 1055 4661; x_wconf 75' lang='lat' dir='ltr'><strong>lb</strong></span> <span class='ocrx_word' id='word_1_752' title='bbox 1069 4631 1127 4660; x_wconf 83' lang='lat' dir='ltr'><strong>curn</strong></span> <span class='ocrx_word' id='word_1_753' title='bbox 1141 4627 1176 4662; x_wconf 89' lang='lat' dir='ltr'><strong>est</strong></span> <span class='ocrx_word' id='word_1_754' title='bbox 1191 4619 1238 4664; x_wconf 83' lang='lat' dir='ltr'><strong>cod.</strong></span> <span class='ocrx_word' id='word_1_755' title='bbox 1265 4621 1293 4663; x_wconf 71' lang='lat' dir='ltr'><strong>ib</strong></span> <span class='ocrx_word' id='word_1_756' title='bbox 1308 4619 1472 4674; x_wconf 81' lang='lat' dir='ltr'><strong>leedit,ridel.</strong></span> <span class='ocrx_word' id='word_1_757' title='bbox 1488 4626 1555 4667; x_wconf 89' lang='lat' dir='ltr'><strong>corri</strong></span> <span class='ocrx_word' id='word_1_758' title='bbox 1575 4642 1631 4675; x_wconf 69' lang='lat' dir='ltr'><strong>em.</strong></span> <span class='ocrx_word' id='word_1_759' title='bbox 1645 4633 1749 4679; x_wconf 61' lang='lat' dir='ltr'><strong>pm„</strong></span> 
     </span>
     <span class='ocr_line' id='line_1_61' title="bbox 192 4669 1748 4733; baseline 0.01 -19"><span class='ocrx_word' id='word_1_760' title='bbox 192 4671 268 4716; x_wconf 74' lang='lat' dir='ltr'><strong>tants</strong></span> <span class='ocrx_word' id='word_1_761' title='bbox 282 4673 307 4716; x_wconf 85' lang='grc' dir='ltr'><strong>ιι</strong></span> <span class='ocrx_word' id='word_1_762' title='bbox 320 4671 370 4716; x_wconf 86' lang='lat' dir='ltr'><strong>locs</strong></span> <span class='ocrx_word' id='word_1_763' title='bbox 382 4681 438 4715; x_wconf 81' lang='lat' dir='ltr'><strong>ears</strong></span> <span class='ocrx_word' id='word_1_764' title='bbox 451 4669 530 4713; x_wconf 71' lang='lat' dir='ltr'><strong>urin.</strong></span> <span class='ocrx_word' id='word_1_765' title='bbox 569 4670 598 4713; x_wconf 76' lang='grc'><strong>00</strong></span> <span class='ocrx_word' id='word_1_766' title='bbox 611 4673 637 4715; x_wconf 81' lang='grc' dir='ltr'><strong>ιι</strong></span> <span class='ocrx_word' id='word_1_767' title='bbox 650 4673 759 4732; x_wconf 81' lang='lat' dir='ltr'><strong>seriptis.¹</strong></span> <span class='ocrx_word' id='word_1_768' title='bbox 798 4675 825 4718; x_wconf 80' lang='lat' dir='ltr'><strong>ii</strong></span> <span class='ocrx_word' id='word_1_769' title='bbox 839 4676 955 4719; x_wconf 67' lang='lat' dir='ltr'><strong>wertse</strong></span> <span class='ocrx_word' id='word_1_770' title='bbox 968 4674 1049 4718; x_wconf 89' lang='lat' dir='ltr'><strong>llelas.</strong></span> <span class='ocrx_word' id='word_1_771' title='bbox 1062 4676 1187 4717; x_wconf 63' lang='lat' dir='ltr'><strong>aeterium</strong></span> <span class='ocrx_word' id='word_1_772' title='bbox 1200 4676 1279 4720; x_wconf 81' lang='lat' dir='ltr'><strong>lium.</strong></span> <span class='ocrx_word' id='word_1_773' title='bbox 1329 4676 1356 4719; x_wconf 85' lang='lat' dir='ltr'><strong>ts</strong></span> <span class='ocrx_word' id='word_1_774' title='bbox 1371 4678 1525 4730; x_wconf 80' lang='lat' dir='ltr'><strong>iaesrnsptse</strong></span> <span class='ocrx_word' id='word_1_775' title='bbox 1571 4684 1637 4730; x_wconf 83' lang='lat' dir='ltr'><strong>elsa.</strong></span> <span class='ocrx_word' id='word_1_776' title='bbox 1651 4700 1669 4733; x_wconf 78' lang='lat' dir='ltr'><strong>e</strong></span> <span class='ocrx_word' id='word_1_777' title='bbox 1683 4686 1748 4733; x_wconf 70' lang='lat' dir='ltr'><strong>issi.</strong></span> 
     </span>
    </p>
   </div>
   <div class='ocr_carea' id='block_1_6' title="bbox 189 4727 255 4780">
    <p class='ocr_par' dir='ltr' id='par_1_30' title="bbox 189 4727 255 4780">
     <span class='ocr_line' id='line_1_62' title="bbox 189 4727 255 4780; baseline -0.106 0"><span class='ocrx_word' id='word_1_778' title='bbox 189 4727 255 4780; x_wconf 68' lang='lat' dir='ltr'><strong>seii.</strong></span> 
     </span>
    </p>
   </div>
   <div class='ocr_carea' id='block_1_7' title="bbox 0 0 1800 5498">
    <p class='ocr_par' dir='ltr' id='par_1_31' title="bbox 0 0 1800 5498">
     <span class='ocr_line' id='line_1_63' title="bbox 0 0 1800 5498; baseline 0 0"><span class='ocrx_word' id='word_1_779' title='bbox 0 0 1800 5498; x_wconf 95' lang='lat' dir='ltr'><strong> </strong></span> 
     </span>
    </p>
   </div>
  </div>
 </body>
</html>
