3586 5498
113 258 189 331 114
390 283 422 331 (i.
447 282 635 331 vannat!
656 282 816 331 PerOCl
841 284 1188 333 naitonum„
1213 283 1292 333 hta.
1319 282 1367 331 lv.

116 455 204 518 Arpos
214 461 243 505 et
252 455 279 505 ln
292 455 410 521 scopulos
425 459 454 507 et
467 453 586 505 monstris
599 454 703 507 humida
722 455 804 507 torua
821 460 872 508 070
897 456 1069 521 Vestlpatqne
1080 459 1173 519 ιιιιιι,
1186 459 1266 518 arque
1281 454 1374 505 oculos
1392 456 1504 507 attollit
1518 456 1677 511 imaum

115 523 223 587 ignotas
235 525 306 575 iubet
320 526 359 576 ire
378 525 441 589 riae,
455 524 506 575 heu
521 525 601 574 multa
617 531 771 586 morantem,
895 527 963 575 'lam
978 532 1084 577 ιιιιιιι
1097 525 1198 589 spiram
1211 525 1343 575 aninam
1361 524 1571 587 Sarmenihi
1582 530 1677 594 laag·

115 594 312 659 conantemque
326 609 418 659 preces
433 594 582 658 inclusaque
597 601 704 657 pectore
715 595 805 646 rerba.
899 596 1059 660 Earpeetm
1070 608 1161 645 ιιιιιι
1175 593 1331 657 nmuhqae,
1347 594 1403 657 ait,
1421 596 1525 659 agnita
1540 599 1620 651 retia.

116 662 213 714 Ultima
235 671 297 715 taric
320 665 423 728 patriae
438 663 535 713 cedern
549 662 624 715 dedit
642 663 729 714 orcula
745 665 838 728 ripaei
901 665 1034 727 herimar,
1048 670 1076 715 et
1090 662 1156 714 diris
1168 663 1249 727 geniti
1262 663 1367 727 quibas,
1386 669 1419 715 et
1434 666 1484 716 ria
1500 668 1593 719 iuro·

117 734 201 783 Pleuit
219 733 374 797 Amymone,
392 733 488 783 fierunt
507 732 652 783 Messeides
669 734 765 798 undae,
898 736 957 786 Qua
974 733 1051 796 ferat,
1071 748 1104 783 ac
1117 733 1196 783 vestri
1209 732 1286 782 rebar
1299 733 1337 782 aie
1354 738 1494 797 temon
1512 738 1677 801 ωιιι,[440

116 802 202 853 Flevit
219 810 246 854 et
264 802 351 853 effusis
369 816 493 854 revocans
508 800 626 865 Hyperia
643 803 757 853 lacertis.
823 806 873 853 070
899 804 1253 868 Proximaquaequelepena:
1272 806 1405 866 quantum
1416 803 1565 857 Vulcania
1577 807 1677 858 tana

117 872 178 935 iiia,
195 872 239 921 abi
256 875 296 922 rel
320 871 381 923 ferai
396 877 539 923 tremerent
551 872 680 922 erroribus
695 879 777 935 artua,
897 874 1028 934 Traxerit,
1045 871 1136 923 infelix
1154 871 1242 921 tulerlt
1259 885 1326 935 quae
1343 871 1468 935 Cyzicus
1490 891 1583 927 arona.

117 941 169 991 Vel
194 949 283 992 rueret
298 957 397 1001 maimo
411 942 461 991 iarn
476 940 583 1002 frigidus
597 942 704 991 aethere
720 955 823 1006 vesper,
899 944 974 992 Sensi
988 949 1016 992 et
1035 943 1163 1006 Bebrycio
1177 955 1323 1004 supremam
1341 941 1374 991 ia
1394 942 1482 993 litore
1497 960 1620 1010 pagna·

117 1010 180 1060 iien
194 1012 293 1076 quoties
312 1025 375 1061 saxo
387 1011 473 1074 posuit
494 1008 578 1059 latua!
595 1016 642 1060 aut
654 1010 696 1060 ubi
709 1011 787 1074 longa
901 1012 956 1061 lam
969 1012 1082 1075 propior,
1099 1012 1202 1075 lamque
1217 1010 1390 1060 hocanlnarn
1404 1014 1549 1066 wlamine
1561 1019 1674 1067 malene

119 1080 209 1143 Aegra
223 1081 275 1142 riti,
290 1095 353 1145 quoa
372 1095 418 1129 ore
433 1081 513 1141 uma,
533 1094 599 1144 quae
617 1081 711 1142 pabala
728 1075 841 1143 carpsit!
902 1084 958 1131 Non
974 1096 1021 1143 epo
1029 1096 1108 1142 nuuc,
1117 1096 1209 1143 magno
1220 1079 1288 1144 quod
1300 1086 1394 1129 cretus
1407 1080 1550 1145 Agenore
1561 1087 1673 1144 Peraea.

118 1149 237 1198 Verbere
257 1149 400 1199 candentes
421 1150 522 1214 quoties
545 1149 678 1200 exhorruit
690 1147 790 1201 armori
825 1153 875 1198 000
903 1152 956 1201 Aut
969 1165 1118 1212 memorem,
1136 1165 1195 1200 mea
1214 1147 1284 1214 qnod
1299 1156 1377 1198 rates
1391 1150 1503 1204 insedit
1520 1154 1672 1220 Apolloni

116 1218 187 1270 (tuln
213 1225 241 1268 et
263 1220 296 1267 ιδ
314 1220 417 1269 excelso
431 1219 600 1269 meditantem
615 1220 711 1269 vertice
728 1221 808 1273 salina
902 1222 1026 1280 Pectora¹
1045 1221 1191 1284 praesentia
1208 1218 1293 1281 potiar
1310 1218 1486 1274 miserescite
1506 1223 1571 1277 fari,

119 1286 321 1353 Ardentemque
331 1288 394 1339 mori
410 1290 492 1338 valler
506 1289 571 1339 citur
583 1289 637 1351 epit
648 1289 674 1337 tu
690 1289 755 1339 imae
903 1292 958 1341 Neo
975 1290 1036 1340 mihi
1054 1289 1164 1339 diversis
1183 1293 1299 1338 erratura
1315 1289 1426 1339 oaribna
1452 1294 1568 1359 orbern,

119 1358 216 1421 Argue,
235 1364 262 1408 et
280 1359 387 1409 arbitrio
405 1357 484 1408 durus
502 1360 616 1408 serraut
633 1357 730 1418 bertli3
903 1360 1018 1410 Amissae
1034 1365 1081 1408 ιιι
1098 1357 1163 1408 llere
1180 1358 1278 1419 domos,
1297 1362 1344 1406 ant
1364 1357 1464 1411 doleia
1484 1370 1600 1429 tempas

118 1426 206 1481 Quam
228 1428 313 1478 subito
329 1427 443 1478 Arcadio
458 1428 543 1477 sonuit
562 1442 627 1477 cara
641 1425 728 1477 fistula
747 1424 808 1487 ritu,
902 1430 1028 1489 Lumina3
1046 1428 1175 1479 corruetis
1194 1441 1279 1477 aeram
1297 1432 1337 1475 eet
1357 1441 1394 1485 ex
1413 1431 1522 1483 ordine
1542 1434 1606 1487 fatis

119 1494 312 1560 Imperiumque
334 1497 413 1559 patris
430 1499 548 1546 celerans
570 1497 702 1559 Cyllenius
720 1495 775 1544 aler
826 1496 876 1542 080
903 1500 1049 1561 ingemere.
1069 1497 1202 1560 Harpyiae
1210 1510 1382 1559 temperares
1389 1500 1499 1560 pabula
1510 1509 1673 1568 serrantlll

121 1563 247 1627 Advenit,
265 1572 292 1615 et
309 1566 361 1615 leni
379 1565 525 1617 modulatur
542 1580 645 1615 carnaen
664 1579 758 1626 arena,
904 1570 1006 1617 Fallere
1023 1581 1087 1632 quae
1108 1581 1232 1630 nusquam
1250 1566 1343 1615 misero
1364 1568 1462 1619 locus:
1487 1573 1566 1625 ilicet
1585 1589 1662 1625 onan

119 1636 241 1699 Quoque,
255 1636 301 1697 ait,
314 1634 374 1684 hinc
385 1634 502 1684 diversor
511 1636 583 1685 abitt
601 1636 652 1684 heu
667 1635 768 1697 respice
778 1636 878 1681 antus.
904 1638 1063 1697 occentent,
1080 1637 1154 1698 niger
1172 1637 1267 1685 intorto
1283 1649 1332 1685 cea
1353 1638 1471 1690 turbine
1493 1645 1613 1707 nimbus,

120 1702 200 1752 Haud
218 1705 306 1767 procui
327 1705 456 1753 insectans
474 1705 573 1767 Argum
592 1703 742 1766 languentia
760 1700 845 1751 claudi
905 1708 1011 1771 lamque
1030 1707 1077 1757 alis
1101 1706 1190 1768 procul
1205 1712 1233 1754 et
1249 1705 1334 1755 sonita
1349 1706 1417 1755 nihi
1435 1718 1509 1762 nota
1529 1712 1652 1764 cetae-'a

121 1773 230 1823 Lamina
244 1780 337 1823 cuncta
350 1780 426 1823 notat
437 1773 577 1837 dulcesque
599 1774 734 1836 sequentia
749 1785 862 1829 somnos,
905 1778 1035 1841 Diripiunt
1055 1782 1212 1838 verruntque
1233 1774 1325 1837 dapes,
1342 1773 1526 1846 foedataque
1548 1787 1651 1835 aarum

121 1842 156 1890 Et
173 1844 283 1891 celerem
306 1842 397 1892 mediis
411 1843 436 1892 io
450 1842 568 1891 cantibus
584 1842 664 1903 exigit
685 1840 793 1905 harpen.
829 1842 880 1889 000
905 1847 1017 1906 Poeni„
1037 1845 1193 1895 serviendae
1207 1844 1340 1908 surgitque
1355 1846 1521 1902 misertim.
1534 1858 1675 1918 βψω

120 1911 229 1974 lamque
253 1909 350 1961 refecta
364 1911 419 1960 lori
435 1913 560 1975 paulatim
574 1911 600 1959 ln
618 1912 729 1973 imagine
743 1910 829 1973 prisca
905 1916 1008 1980 Parque
1040 1915 1102 1963 mihi
1125 1915 1294 1978 monstrisque
1320 1910 1430 1967 famer:
1462 1936 1601 1984 aprerere
1623 1922 1675 1990 qui

122 1981 183 2029 lbat
200 1982 268 2043 agria
286 1980 317 2030 lo
336 1981 427 2031 rictria
446 1981 561 2042 lunonis,
579 1984 606 2031 et
624 1995 684 2031 ecce
1328 1998 1429 2037 omnes

121 2050 187 2099 cnm
202 2047 300 2100 facibus
315 2050 453 2116 tyriusque
468 2059 495 2100 et
508 2050 633 2100 Tartareo
650 2050 748 2099 ululatu
906 2052 1108 2115 Pollueruntque
1118 2048 1675 2123 manuuqnotqaeaagussumrnmr,

120 2119 279 2182 Tisiphonen
298 2120 380 2182 ridet,
396 2136 427 2170 ac
446 2122 526 2183 primo
546 2121 652 2184 vestigia
670 2120 726 2169 risu
906 2122 963 2171 Ηιι
983 2122 1044 2170 mihi
1064 2120 1117 2171 fert
1133 2121 1158 2169 in
1176 2123 1233 2169 luce
1252 2135 1354 2173 mom:
1376 2138 1432 2175 nec
1448 2144 1586 2196 rumpere
1606 2133 1654 2184 fn

122 2189 201 2251 Piqit,
219 2190 288 2238 etin
306 2191 414 2239 miserae
437 2205 524 2239 rursus
539 2190 610 2239 bouis
626 2204 673 2239 ora
694 2187 812 2250 recurrit,
831 2191 879 2237 eea
906 2192 992 2240 Morte
1010 2192 1086 2251 licet;
1106 2191 1215 2239 trahitur
1233 2191 1301 2239 victu
1318 2192 1447 2247 crudelia
1468 2210 1594 2263 egeam,

123 2258 180 2307 Nec
199 2274 249 2322 qua
265 2259 331 2309 valle
349 2274 454 2320 memor,
477 2275 526 2309 nec
540 2275 591 2324 quo
603 2274 631 2307 re
646 2258 743 2307 uertice
761 2259 846 2307 eistat.
906 2260 958 2310 Sed
974 2275 1016 2309 ros
1033 2276 1047 2309 ι
1063 2266 1166 2309 servate
1180 2256 1455 2324 precor!(praedieta
1474 2270 1595 2323 deorum
1640 2275 1674 2322 m

123 2328 243 2377 Inachias
262 2344 349 2378 errore
368 2331 446 2379 etiam
464 2329 584 2380 defertur
601 2327 635 2377 ad
654 2326 747 2387 undar,
906 2331 933 2379 si
951 2345 1001 2399 non
1020 2328 1085 2378 falsa
1104 2330 1187 2389 mihil,
1206 2343 1250 2376 vos
1271 2328 1353 2381 tinem
1372 2332 1519 2399 inponite
1538 2344 1637 2407 peeab.

122 2398 224 2459 Qualis,
242 2404 268 2448 et
286 2412 302 2447 a
319 2398 403 2463 prima
420 2406 544 2463 qnantum
563 2405 661 2448 mutata
679 2391 806 2447 iuvenca!
907 2401 1008 2462 Nempe
1021 2399 1126 2458 adsunt,
1138 2399 1300 2462 quimonrtra
1308 2397 1421 2465 fugent,
1437 2407 1674 2477 Aquimhpnu,

123 2467 181 2517 Nec
196 2473 272 2530 pater
287 2476 333 2519 aut
350 2469 469 2532 trepidae
483 2475 586 2518 tentant
595 2467 721 2517 accedere
735 2464 881 2529 Nymphae.
908 2470 965 2518 Non
985 2475 1094 2517 caterua
1113 2468 1189 2526 mihi;
1208 2481 1266 2515 nam
1285 2483 1333 2516 rex
1356 2486 1409 2533 ego
1431 2476 1535 2532 divitia
1554 2484 1635 2533 Hebri

122 2536 194 2600 Ergo
214 2539 308 2587 iterum
329 2538 415 2599 silves,
440 2540 534 2589 iterum
552 2539 618 2601 petit
634 2538 702 2586 invia
717 2542 796 2595 retro,
831 2537 882 2583 400
908 2539 1050 2602 iunctaque
1067 2544 1153 2586 restra
1174 2551 1230 2585 meo
1244 2537 1380 2600 quondam
1397 2543 1565 2613 Cleopatra
1578 2553 1653 2604 casii.

124 2605 180 2656 Ceu
191 2607 280 2670 Styga.
295 2606 417 2656 dilectum
434 2604 535 2670 fugiens
548 2615 641 2669 caput3
661 2605 722 2654 inde
741 2620 789 2667 per
806 2605 883 2657 nrbes
909 2609 1008 2658 Numen
1025 2607 1058 2656 ad
1074 2608 1189 2655 Actaeae
1204 2606 1289 2655 Calais
1305 2608 1454 2676 Zetesque
1474 2625 1580 2674 sorori.
1642 2622 1674 2670 ast

124 2675 255 2738 Rapiatur
275 2675 367 2725 Graias
386 2684 464 2739 atque
483 2675 566 2725 ardua
583 2675 689 2725 flumina
708 2676 786 2738 ripirr
909 2678 1058 2738 Prosiliunt,
1075 2677 1204 2740 Zetesque
1219 2678 1301 2737 prior:
1322 2679 1419 2731 Quem
1438 2692 1675 2756 cemtnaahqr't.

125 2744 223 2794 Oblato
241 2744 326 2793 donec
345 2746 447 2807 paulum
466 2752 588 2795 cunctata
605 2743 733 2807 profundo
907 2748 980 2797 Tune
999 2748 1041 2796 iile
1060 2745 1188 2809 Odrysiae
1208 2746 1329 2803 Phineus,
1344 2762 1396 2799 rex
1419 2754 1553 2813 inclutus
1572 2769 1641 2815 emt

125 2812 239 2871 laetatu
259 2814 386 2863 absistunt
402 2813 505 2874 fluctus,
523 2822 551 2864 et
569 2830 649 2877 gnara
667 2812 746 2863 futuri
909 2819 948 2865 ‘l'u
967 2817 1065 2865 Phoebi
1082 2830 1167 2863 comes
1185 2821 1212 2863 et
1230 2822 1316 2864 nostro
1337 2818 1448 2874 dilecte
1471 2837 1605 2891 paream

125 2879 197 2932 Dant
205 2881 315 2944 pavidae
323 2884 548 2942 altaviam;celaia
557 2885 707 2946 proculipra
716 2882 883 2945 refulgemus
910 2888 933 2934 0
948 2887 990 2934 ubi
1004 2900 1071 2935 nuuc
1087 2885 1169 2947 regni,
1186 2884 1340 2948 generisque
1363 2892 1411 2940 nbi
1428 2898 1546 2957 gloriar
1565 2903 1654 2970 quit

126 2951 262 3013 Cornibus,
281 2967 313 3001 ac
329 2968 426 3002 rumora
446 2954 561 3015 palearia
579 2954 688 3001 sustinet
706 2952 784 3001 anda.
910 2954 1005 3003 Exedit
1024 2956 1094 3003 lahur
1113 2961 1140 3002 et
1158 2955 1254 3003 miseris
1272 2952 1374 3007 festina
1394 2973 1560 3023 senectus!
1628 2964 1663 3014 ⁴²¹

126 3021 178 3072 Art
189 3021 266 3070 Erebi
286 3022 357 3083 virgo
370 3022 450 3071 ditem
472 3023 541 3071 volat
553 3023 660 3070 aethere
676 3021 818 3084 Memphim
910 3024 978 3075 Quin
997 3038 1055 3086 age,
1071 3024 1144 3072 mitte
1160 3038 1258 3087 precer,
1277 3038 1396 3090 uanique
1414 3044 1465 3086 est
1481 3042 1537 3092 tibi
1553 3050 1628 3095 noem
1638 3047 1668 3083 ’θ’

126 3091 295 3152 Praecipere,
316 3101 343 3141 et
357 3092 452 3142 Pharia
467 3094 614 3141 venientem
635 3092 733 3152 pellere
754 3098 833 3141 terra.
1335 3098 1446 3164 luntas,

127 3159 226 3209 Contra
245 3160 318 3210 hilus
336 3160 420 3220 adest,
439 3167 466 3210 ct
484 3168 537 3210 toto
555 3160 655 3220 porgite
674 3167 775 3209 torrens
910 3162 937 3209 si
957 3176 1007 3209 non
1026 3162 1064 3209 ira
1082 3161 1170 3221 deum,
1188 3165 1229 3211 vei
1248 3163 1268 3211 si
1286 3164 1436 3226 placabilia
1458 3188 1558 3243 urges,

126 3228 284 3292 Tisiphonen
302 3229 365 3292 agit,
383 3237 461 3294 atque
478 3231 533 3279 imis
552 3229 628 3278 illidit
646 3229 740 3290 arenis,
834 3232 884 3278 tto
911 3232 1020 3279 Sustulit
1038 3232 1078 3280 hic
1102 3235 1215 3293 geminas
1230 3233 1347 3284 Phineus
1363 3239 1400 3287 acl
1417 3244 1523 3299 sida„
1540 3253 1641 3314 „pm

129 3297 197 3349 Ditis
212 3314 297 3362 opens
310 3315 342 3349 ac
354 3302 425 3349 saevi
447 3302 600 3350 clamantem
616 3299 721 3348 numina
735 3297 817 3360 regni.
910 3302 1008 3364 Teque,
1021 3303 1066 3359 ait,
1082 3302 1178 3361 iniusti,
1195 3318 1260 3367 quae
1278 3318 1349 3353 nunc
1364 3315 1490 3377 premia,
1505 3320 1548 3369 in
1560 3317 1666 3371 mur·

130 3370 267 3432 Apparcnt
285 3384 442 3434 sparsaeque
461 3367 531 3420 faces
549 3369 706 3433 disiectaque
724 3369 800 3430 longe
912 3369 983 3419 Ante
996 3386 1097 3433 precor,
1108 3379 1210 3421 nostrae
1221 3371 1325 3420 tandem
1335 3374 1390 3424 iarn
1402 3395 1499 3441 parc,
1509 3386 1678 3447 „mmsis

129 3435 249 3488 Verbera
266 3445 294 3488 et
311 3439 426 3502 abruptis
444 3439 546 3489 excuui
562 3439 672 3489 crinibus
690 3438 775 3501 hydri.
911 3442 950 3489 Sit
963 3439 1070 3489 modus:
1090 3447 1117 3490 ct
1136 3441 1192 3491 fore
1208 3442 1286 3491 credo
1301 3445 1457 3515 equidem3
1478 3472 1545 3508 m
1562 3467 1679 3510 ,emsa

130 3506 188 3559 Nec
207 3508 275 3557 Iovia
297 3508 397 3558 interea
411 3519 496 3559 cessat
507 3523 613 3567 manau
633 3509 733 3556 intonat
748 3510 801 3556 alto
1338 3514 1438 3569 lunt„

131 3574 272 3640 insurgens
291 3581 363 3627 coelo
381 3579 481 3640 genitor
503 3592 641 3641 curamque
660 3577 766 3638 fatetur,
835 3579 885 3625 410
912 3577 979 3637 Quo,
995 3577 1118 3639 iuvenes,
1136 3579 1191 3627 sine
1210 3594 1274 3642 pace
1288 3579 1389 3633 denne
1411 3596 1681 3657 necereuireestpaa
1701 3606 1705 3665 j

131 3646 219 3710 Atque
233 3647 289 3709 ipsa
302 3647 435 3711 imparium
450 3648 516 3696 iuno
532 3654 618 3709 pavet.
656 3645 730 3695 Haec
750 3647 838 3709 procul
857 3646 887 3694 lo
912 3646 1041 3694 Saevitiae
1063 3649 1221 3697 scelerumve
1238 3649 1298 3697 mihi
1314 3663 1389 3702 nunc
1407 3662 1534 3715 crimina
1552 3667 1645 3729 pendi;
1701 3668 1706 3723 i

130 3714 240 3779 Spectat
253 3717 286 3765 ιδ
299 3731 359 3765 arce
380 3717 441 3779 poli,
457 3717 506 3765 iam
523 3715 589 3765 divis
602 3715 702 3776 addita,
717 3716 818 3779 iamque
914 3717 979 3764 Fata
990 3717 1085 3780 loquax
1101 3725 1264 3783 mentemque
1280 3717 1363 3782 lovis,
1375 3738 1513 3795 quem
1530 3737 1623 3787 ,Min
1630 3735 1683 3783 „qn
1701 3730 1707 3785 ¹,

132 3785 234 3848 Aspide
253 3787 338 3835 cincta
358 3800 444 3835 comas
467 3791 496 3834 et
511 3785 598 3834 oranti
615 3798 725 3847 perrona
737 3787 821 3834 sistro.
913 3784 1027 3834 Consilia
1045 3794 1072 3834 ct
1090 3789 1165 3836 terris
1184 3790 1267 3837 subito
1286 3795 1406 3843 ventura
1427 3805 1564 3865 pmffl,
1646 3790 1706 3853 ω’

132 3851 266 3917 llosporou
292 3855 351 3904 hinc
373 3862 476 3905 veteres
491 3855 601 3903 errantis
621 3855 724 3905 nomine
743 3854 819 3902 divae
914 3854 1095 3915 Prodideram,
1117 3857 1240 3907 miserant
1261 3858 1396 3911 hominnm
1425 3882 1537 3935 geum
1558 3876 1620 3926 fi„
1637 3869 1706 3924 ω’.

131 3920 296 3985 Valqavere:
316 3925 386 3973 iuvet
408 3931 508 3974 nostros
532 3939 598 3972 nunc
616 3923 671 3985 ipsa
693 3924 802 3982 labores,
838 3926 888 3974 400
1341 3938 1427 3985 tanta

132 3991 307 4056 immissisque
321 3999 403 4042 ratem
421 4008 467 4043 rua
482 4008 529 4056 per
545 3990 612 4043 freta
627 3993 753 4055 provehet
770 3992 853 4043 Euris·
914 3993 999 4042 Pestis
1018 3999 1044 4042 ct
1062 3993 1159 4042 offusae
1177 3993 1262 4043 media
1280 3995 1349 4046 iuter
1369 4001 1453 4055 dicta
1472 4014 1622 4066 tenebm,

133 4059 254 4124 Dixerat,
269 4068 295 4112 et
315 4063 409 4125 placidi
423 4063 567 4113 tendebant
582 4064 689 4111 carbasa
705 4063 785 4111 venti.
915 4063 970 4110 lam
991 4063 1096 4112 tandem
1113 4078 1214 4112 cessere
1229 4065 1297 4125 irae;
1316 4082 1369 4117 nec
1389 4087 1491 4139 mag,
1506 4083 1545 4133 ὼ
1562 4087 1620 4135 ,ιω

133 4130 244 4183 Postera
261 4146 312 4181 non
330 4147 419 4183 cassae
438 4132 534 4195 Minyis
552 4132 654 4182 Aurora
672 4133 767 4181 retexit
917 4132 977 4194 lpse
996 4134 1084 4182 rolens
1102 4134 1194 4181 nostris
1213 4132 1259 4183 red
1279 4150 1323 4183 ros
1343 4138 1416 4191 deus
1438 4153 1553 4212 appulit
1571 4155 1633 4205 «ὴ,

134 4199 224 4251 Noctis
238 4203 300 4261 iter;
319 4216 386 4250 nora
404 4209 497 4252 cuncta
516 4201 603 4250 vident
615 4202 789 4265 Thynaeaque
802 4200 872 4251 iuxta
915 4203 958 4251 Sic
973 4203 1019 4262 ait,
1038 4212 1073 4264 ct,
1090 4202 1149 4251 fatis
1165 4203 1200 4251 ita
1221 4204 1269 4252 iarn
1284 4204 1463 4271 cedentibus,
1484 4235 1582 4271 omne,
1649 4221 1688 4271 m

134 4270 232 4331 Litora,
250 4267 347 4320 fatidici
365 4272 454 4333 poenit
473 4272 604 4320 horrentia
623 4271 724 4321 Phinei.
838 4274 889 4320 tas
916 4271 1033 4332 impulit,
1052 4281 1079 4321 et
1091 4271 1171 4320 durae
1186 4274 1322 4323 commorit
1339 4276 1467 4342 imagine
1479 4304 1601 4351 poem,

135 4337 199 4390 Dira
217 4340 294 4390 densa
313 4353 459 4405 summoque
479 4342 534 4391 lues
551 4343 660 4402 urgebat
678 4342 703 4389 in
722 4355 803 4389 aero:
917 4341 1055 4389 instituere
1074 4350 1152 4403 toros,
1171 4342 1310 4406 mediisque
1325 4352 1475 4409 tapetibus
1487 4359 1580 4422 imum

136 4410 241 4473 Quippe
254 4424 338 4474 neque
357 4416 486 4459 extorrem
503 4416 612 4471 tanturn,
630 4425 677 4458 uec
690 4411 753 4458 lucis
769 4415 890 4471 egentem
917 4411 1055 4471 Accipiunt
1067 4412 1212 4474 circumque
1228 4412 1332 4475 iacent;
1352 4418 1571 4493 simniaeqnm
1587 4432 1688 4482 „aaut
1705 4420 1708 4433 '

137 4478 248 4543 insuper
266 4478 400 4541 Harpyiae
415 4479 588 4543 Typhonides,
606 4481 643 4528 ira
655 4480 789 4540 Tonantis,
918 4481 997 4528 Astra
1015 4481 1098 4539 simul,
1118 4483 1236 4544 vescique
1250 4481 1341 4533 iubent
1355 4498 1389 4535 ac
1405 4493 1526 4548 mittere
1545 4516 1634 4561 cuns,

136 4547 314 4613 Depopulant,
332 4549 437 4614 ipsoque
455 4550 537 4612 dapes
556 4550 715 4611 praedantur
732 4549 764 4597 ab
782 4562 837 4598 ore.
917 4551 1003 4600 Quum
1014 4550 1110 4598 subitus
1123 4551 1213 4599 rnisero
1225 4557 1331 4614 tremor,
1347 4562 1377 4604 et
1389 4562 1687 4632 pallentiaprinael!

135 4616 209 4668 'Palla
227 4618 343 4682 prodigia
364 4624 391 4667 et
409 4621 475 4669 tales
493 4632 539 4680 pro
556 4620 662 4667 crimine
676 4633 772 4681 poenas
841 4621 892 4667 400
918 4620 972 4666 Ora
991 4619 1058 4667 renis
1079 4618 1168 4682 fugere
1187 4635 1292 4678 manus;
1311 4635 1363 4673 nec
1383 4633 1502 4689 prodita
1521 4642 1610 4702 pestis

137 4686 301 4751 Perpetitur:
320 4702 380 4751 spes
401 4702 453 4736 uua
478 4687 542 4749 seui,
559 4689 626 4751 quod
642 4691 739 4751 pellere
754 4702 857 4736 saevam
919 4687 999 4747 Ante,
1017 4687 1063 4737 aed
1082 4690 1106 4737 in
1126 4689 1216 4738 mediis
1233 4689 1344 4753 dapibus
1366 4697 1468 4751 videre
1489 4709 1625 4760 roim,

138 4757 276 4808 Quondam
292 4754 347 4806 fata
368 4758 437 4806 iuern
455 4754 583 4806 dederunt
605 4758 732 4822 Aquilone
755 4757 857 4807 creatis.
919 4758 1028 4817 Praeerat
1043 4759 1150 4807 acerbus
1173 4758 1244 4821 odor,
1265 4761 1401 4828 patriique
1420 4775 1550 4837 enpinp
1565 4777 1662 4829 Ami

139 4822 208 4888 iirqo
222 4828 264 4876 ubi
279 4828 329 4877 iarn
345 4826 448 4891 Minyas
470 4833 618 4890 certamque
639 4828 764 4878 accedere
779 4826 893 4876 Phineus
919 4826 1040 4888 ΗιΙὶιιις
1060 4842 1137 4877 uuum
1152 4843 1241 4878 omne
1252 4829 1386 4884 incessere
1409 4843 1582 4914 phuefipm,
1606 4860 1674 4899 m.

140 4889 225 4946 Sentit
240 4912 325 4961 opem,
339 4896 434 4961 primas
448 4895 540 4947 baculo
561 4893 678 4946 defertur
696 4897 731 4948 ad
750 4897 842 4960 undar,
919 4894 1049 4947 infestare
1067 4912 1173 4981 menum
1192 4898 1274 4949 inhiat
1291 4898 1407 4967 Cocytia
1428 4913 1521 4965 nuh„
1646 4914 1683 4964 43

1703 4050 1711 4193 i

139 5080 183 5127 “a
194 5026 556 5133 ἳὲιήὶιρῧιτρηᾶῧιοιιωζι
577 5031 633 5131 040410
634 5030 754 5131 iqqrgncrt.
767 5044 853 5077 rome.
866 5032 915 5077 Ait.
927 5031 1056 5079 helanalie
1068 5048 1084 5079 ι
1096 5034 1145 5082 eod.
1196 5035 1239 5080 000
1250 5037 1379 5094 cremae.
1399 5044 1463 5094 vra.
1476 5050 1578 5099 wdeh-
1590 5066 1612 5111 μ
1623 5053 1648 5098 ¹5
1658 5059 1682 5103 ti

142 5134 187 5183 We
219 5168 226 5183 .
248 5112 305 5183 ‘tr’r
322 5119 480 5195 οιι41ιιιι.
492 5117 642 5191 aae'uaat
655 5089 1432 5204 lq'qaffltrqqqqpqqqrgdliqmamgiqupagoa-
1451 5118 1482 5150 u
1496 5107 1681 5212 ‘affl

140 5186 191 5239 fler
226 5190 328 5243 Putas.
