3586 5498
122 150 197 221 070
366 172 399 221 e.
423 172 567 219 orsnrr
591 171 779 221 sarorrs
803 149 1233 227 aars‘aonasroseon
1258 168 1341 223 nra.
1365 170 1451 223 am.

124 345 230 405 lnrllcis,
243 341 351 393 Actiaco
367 356 435 407 qnae
453 356 522 393 nnnc
538 342 572 391 ab
586 342 708 405 Apolline
725 350 788 397 acts
803 350 863 405 ests
906 341 967 391 Huc
982 338 1054 391 feras
1067 340 1207 393 adscendit
1216 340 1337 407 Cyclops,
1355 340 1532 409 amianas
1548 344 1657 399 resedit

123 415 297 475 Vocalemque
313 426 360 461 sua
381 417 477 460 terram
496 411 634 461 Dodonida
653 426 761 477 quercu,
829 416 880 463 tio
906 411 1050 472 hargerus
1071 411 1195 473 pecudes,
1221 412 1292 461 nullo
1312 410 1456 475 ducente,
1479 422 1610 465 secatae.
1642 420 1684 469 tu

122 484 301 544 Chaoniosque
319 481 399 537 sinus,
420 481 463 529 ubi
478 482 533 529 rrati
552 496 613 543 rege
629 481 742 529 hlolossc
907 480 955 529 Cui
974 488 1108 543 postquam
1126 482 1210 543 pinus,
1228 480 1313 530 baculi
1335 495 1407 545 quae
1420 484 1564 545 praebuit
1577 500 1657 549 asan,

122 552 205 613 lmpia
224 550 345 597 subiectis
366 547 456 610 fugere
476 550 597 599 incendia
614 551 715 611 pennis.
907 548 978 597 Ante
990 549 1072 610 pedes
1089 551 1174 611 posita
1193 556 1243 611 est,
1260 550 1385 599 antennis
1397 558 1472 613 apta
1489 550 1627 615 ferendis,

122 622 243 671 Proninra
258 620 406 667 Phaeacum
418 616 534 667 felicibus
549 620 633 667 obsita
651 618 734 680 pomis
906 618 1065 681 sumptaque
1080 618 1249 667 arundinibus
1261 626 1402 681 compacta
1414 626 1464 670 est
1473 618 1685 687 manum

122 690 193 739 Rura
208 695 310 751 petunt.
347 688 439 749 Epiros
460 689 493 735 ab
514 689 562 748 his,
578 693 740 750 regnataque
759 687 813 737 sstl
906 686 1050 735 Senserunt
1069 687 1116 735 toti
1133 688 1248 749 pastoria
1266 686 1340 737 sibila
1351 694 1486 749 montesq

122 759 262 807 Buthrotos
278 756 400 819 Phrygio,
417 757 588 819 simulataque
604 756 682 805 Troia
698 764 811 807 tenetur.
830 758 881 803 700
905 756 1049 803 Senserunt
1060 755 1155 804 undae.
1190 756 1308 805 Latitans
1323 770 1375 817 ege
1393 772 1484 821 rupe,
1498 758 1612 827 mique
1644 766 1686 815 000

121 826 188 877 lude
201 825 346 873 futurorum
362 826 437 885 certi,
452 840 518 887 quae
530 830 624 873 cuneta
639 823 712 873 fideli
907 823 997 872 Acidis
1019 824 1045 871 in
1067 825 1166 885 gremio
1188 824 1315 885 residens,
1329 827 1425 887 procui
1446 828 1573 881 ansibus
1588 832 1660 883 han*

121 894 268 944 Priamides
296 894 415 941 Helenus
439 894 536 941 monitu
551 892 729 954 praedixerat,
748 891 848 938 intrant
905 893 979 939 Talia
1001 891 1072 940 dicta
1092 894 1166 952 meis,
1189 893 1330 956 auditaque
1348 900 1445 943 mente
1472 901 1593 953 nonai:

71 964 78 977 “
120 964 260 1015 Sicaniam.
295 963 388 1010 Tribus
405 963 470 1009 haec
480 962 594 1009 excurrit
607 961 632 1008 in
650 976 763 1025 aequora
777 960 880 1021 linguisq
906 959 1048 1011 Candidior
1066 962 1134 1009 uirei
1151 960 1221 1021 folio,
1236 962 1357 1021 Galatea,
1376 962 1512 1027 ligustr13

121 1034 253 1095 Equlbus
269 1030 412 1079 imbriferos
427 1032 536 1078 obversa
555 1030 690 1091 Pachynos
707 1030 740 1078 ad
755 1027 880 1087 Austrum
907 1029 1032 1078 Floridior
1051 1031 1149 1091 pratis;
1169 1032 1245 1093 longa
1264 1032 1399 1093 procerior
1419 1036 1511 1095 alno;

120 1098 880 1162 MollibnsexposimmZeplryrirLllylraeon,atArctonitb
906 1098 1073 1160 splendidior
1094 1100 1174 1158 ritro;
1195 1106 1286 1148 tenero
1302 1099 1430 1149 lascivior
1443 1102 1565 1169 haedeq
1644 1110 1687 1159 m

122 1171 251 1234 Aequoris
270 1176 406 1231 enqrertern
429 1176 532 1231 spectat
553 1168 707 1231 Boreaeque
730 1166 846 1214 Peloros.
908 1168 1000 1215 Levior
1014 1166 1118 1215 assiduo
1138 1168 1239 1217 detritis
1261 1182 1374 1231 aequore
1387 1172 1532 1233 conculsa

123 1241 181 1288 liae
196 1240 308 1287 subeunt
323 1238 425 1297 Teucri,
440 1237 567 1301 remisque
591 1244 716 1300 aestuque
740 1235 855 1285 seeundo
905 1236 1008 1284 Solibus
1032 1237 1154 1296 hibernia,
1176 1236 1276 1285 aestiva
1293 1237 1392 1299 gratior
1414 1240 1543 1305 umbras

120 1310 174 1358 Sub
189 1314 291 1356 noctem
319 1307 416 1369 potitur
430 1308 562 1355 Zanclaea
582 1306 670 1355 classis
686 1318 777 1352 arena.
907 1305 1021 1353 Nobilior
1038 1306 1143 1366 palatiu
1164 1307 1268 1367 platano
1280 1308 1452 1367 conspectior
1467 1312 1557 1375 alta3

120 1378 208 1439 Scylla
229 1379 295 1425 latus
314 1378 443 1433 dextrum,
459 1377 560 1423 laerrnn
579 1374 720 1437 irrequieta
735 1370 880 1435 Charybdis
907 1374 1026 1423 Lucidius
1042 1374 1141 1435 glacie3
1161 1380 1264 1422 matura
1287 1374 1387 1423 dulcior
1405 1391 1481 1437 ura;

121 1444 263 1493 lnfesmut.
273 1444 531 1505 Vorntlraecraptas,
539 1444 699 1506 revomitque
708 1442 819 1500 carinam
830 1446 880 1491 rso
906 1442 1008 1490 Mollior
1025 1451 1052 1490 ct
1071 1442 1145 1503 cycni
1160 1442 1263 1504 plumis,
1282 1450 1309 1490 et
1325 1445 1394 1492 lacte
1409 1452 1538 1509 coaetoq
1644 1456 1687 1505 m

122 1513 172 1561 illa
190 1512 250 1561 feris
272 1522 354 1559 atram
376 1513 482 1560 curribus
503 1513 661 1574 succingitur
686 1513 783 1571 airum,
907 1512 949 1571 lit,
968 1510 989 1559 si
1011 1526 1061 1559 nou
1082 1509 1175 1572 fugias,
1192 1512 1263 1571 riguo
1276 1509 1413 1561 formosior
1435 1516 1547 1577 hortea

122 1582 237 1639 Virginis
258 1595 303 1628 ora
321 1594 424 1641 gerens,
445 1587 481 1641 ct,
495 1582 515 1628 si
537 1595 586 1627 non
601 1580 687 1628 omnia
705 1585 777 1627 rates
905 1579 1012 1627 Saevior
1029 1579 1159 1628 indomitis
1174 1580 1266 1629 eadem
1280 1580 1392 1631 Galatea
1405 1583 1569 1649 inveneiss

122 1651 196 1699 Ficta
213 1649 383 1711 reliquerunt,
404 1650 489 1712 aliquo
511 1662 613 1712 quoque
627 1654 744 1710 ternpore
764 1647 845 1710 virgo.
906 1649 1000 1696 Durior
1012 1662 1110 1696 annosa
1124 1662 1237 1710 quercu;
1256 1647 1372 1698 fallacior
1391 1652 1499 1713 andiu

122 1712 200 1766 Hanc
216 1717 288 1765 multi
307 1718 408 1779 petiere
429 1718 516 1778 procl:
536 1718 627 1780 quibus
644 1718 687 1765 illa
702 1716 811 1779 repulsis
906 1718 1011 1765 locutios
1028 1726 1056 1765 et
1073 1716 1157 1765 salicis
1176 1718 1263 1777 virgis,
1280 1725 1307 1766 et
1323 1718 1419 1767 ritibus
1437 1722 1540 1783 albing

122 1786 165 1835 Ad
183 1786 269 1849 pelagi
286 1786 429 1849 Npmphas,
440 1786 525 1847 pelagi
534 1785 880 1849 grausslmsrr'ympnlsata
906 1787 955 1834 His
979 1786 1129 1835 immobilior
1152 1788 1279 1848 scopulis;
1299 1787 1441 1837 rioleutior
1457 1806 1573 1857 aurneq
1648 1800 1690 1847 ι.

123 1856 192 1917 ibat,
206 1863 233 1904 et
253 1855 336 1903 elusos
356 1857 477 1903 iuvenum
494 1856 618 1903 narrabat
631 1869 742 1903 amores.
906 1855 1025 1905 Laudato
1048 1868 1150 1917 parone
1168 1855 1318 1916 superbior;
1336 1856 1423 1906 acrior
1439 1858 1520 1921 igui;

121 1924 170 1973 Cui
186 1924 247 1973 dum
261 1923 402 1986 pectendos
417 1926 526 1987 praebet
542 1924 653 1973 Galatea
666 1924 783 1987 capillos,
907 1922 1031 1986 Asperius
1048 1924 1163 1981 tsibrrlis;
1184 1922 1238 1973 feta
1253 1926 1424 1973 truculentior
1444 1942 1539 1991 ursa;

120 1995 224 2043 Talibus
246 1994 394 2055 alloquitur,
414 2001 539 2055 repetens
554 1992 671 2055 suspiria,
690 1993 781 2043 dictis:
905 1992 1013 2041 Surdior
1033 1992 1202 2055 aequoribus;
1221 1995 1321 2041 calcato
1336 1993 1469 2046 immitior
1490 2000 1610 2063 hydram

119 2062 157 2111 Te
174 2069 271 2121 tamen,
285 2076 300 2108 o
316 2062 394 2123 rirgo,
411 2076 493 2123 genus
514 2061 583 2111 haud
597 2062 696 2111 immite
715 2062 827 2110 risorem
906 2061 949 2119 Et,
967 2060 1035 2125 quod
1057 2061 1198 2123 praecipue
1214 2064 1305 2111 vellem
1322 2062 1367 2111 tibi
1383 2063 1506 2117 demere
1528 2084 1629 2132 posse,

121 2131 245 2193 Expetit3
265 2137 344 2193 utque
358 2130 429 2191 lacis,
447 2138 522 2195 potes
537 2131 576 2180 his
588 2131 694 2194 impune
712 2144 818 2191 negare.
829 2134 879 2179 ild
906 2130 963 2178 h'on
981 2136 1082 2178 tantum
1100 2144 1186 2192 cerro,
1206 2131 1283 2179 claris
1300 2132 1438 2181 latratibus
1451 2143 1536 2199 acto,
1646 2142 1691 2189 ιιι

121 2202 158 2250 nt
170 2200 240 2258 snilri,
255 2198 296 2248 cui
310 2208 386 2262 pater
401 2208 442 2249 ert
457 2202 568 2260 Nereus,
586 2214 661 2263 quam
677 2202 781 2249 caerula
804 2200 880 2249 Doris
906 2199 1004 2248 Verum
1019 2199 1098 2247 etism
1114 2200 1206 2259 ventis,
1221 2200 1370 2263 volucrique
1385 2198 1521 2263 fugacior
1533 2221 1627 2271 arara;

120 2269 204 2317 Enisa
216 2274 265 2331 erl,
278 2284 344 2332 qnae
359 2284 414 2317 rurn
438 2271 511 2318 turha
529 2284 630 2333 quoque
648 2275 705 2318 tnta
719 2282 845 2331 sororum,
906 2267 953 2327 Αι,
969 2269 1035 2317 benc
1054 2268 1075 2315 si
1091 2267 1170 2329 noris,
1188 2269 1278 2330 pigeat
1297 2267 1407 2331 fugiam:
1428 2286 1591 2341 morasque

119 2338 178 2387 hieu
200 2338 248 2385 uisi
269 2354 316 2400 per
334 2337 428 2387 fluctus
444 2339 515 2387 licuit
531 2338 651 2401 Cyclopis
667 2352 780 2386 aruorern
905 2336 968 2397 ipsa
984 2344 1041 2384 tuas
1062 2334 1181 2397 damnes,
1199 2346 1226 2385 et
1241 2352 1282 2386 me
1301 2339 1417 2387 retinere
1434 2341 1568 2397 labores.

120 2406 258 2467 Effugere,
277 2414 304 2453 et
322 2408 443 2455 lacrimae
460 2421 548 2454 rocem
564 2406 708 2467 impediere
724 2406 861 2470 loquentis.
905 2405 971 2453 Sunt
986 2405 1056 2461 mini.
1072 2420 1132 2467 pars
1150 2406 1253 2468 moritis,
1268 2407 1326 2455 rivo
1345 2406 1502 2469 pendentia
1521 2428 1596 2465 aaa·

120 2477 191 2526 Quos
209 2476 250 2523 ubi
268 2490 412 2522 marmoreo
433 2474 542 2523 detersit
561 2476 655 2537 pollice
678 2474 758 2535 rirgo,
828 2479 878 2525 ilo
905 2474 1000 2533 Antra,
1019 2474 1326 2537 quibusnecSolrnedio
1345 2476 1461 2526 realiter
1482 2480 1515 2529 in
1538 2486 1692 2547 aesta,le

119 2545 154 2591 lit
175 2546 256 2591 solata
278 2543 353 2589 rlenm
372 2550 428 2600 est;
448 2542 527 2602 refer,
545 2557 560 2590 o
576 2542 716 2602 carissima,
735 2542 811 2604 dixit,
905 2544 961 2592 h'ec
975 2544 1086 2592 sentitus
1100 2542 1197 2592 hiems:
1217 2552 1278 2593 suut
1296 2559 1373 2606 poma
1391 2550 1549 2607 gravantia
1570 2566 1677 2605 ranas:

120 2612 246 2661 heremi
265 2625 368 2659 cansam
392 2620 461 2671 tege,
482 2626 538 2659 sum
556 2610 603 2659 tibi
619 2609 682 2669 uua,
704 2610 810 2661 doloris.
904 2612 971 2661 Sunt
985 2626 1049 2661 auro
1065 2612 1160 2661 similes
1181 2614 1262 2673 longis
1280 2613 1305 2661 in
1322 2614 1418 2663 ritibus
1434 2629 1533 2667 urae:

120 2680 214 2729 Nereis
227 2680 265 2727 his
281 2685 371 2727 contra
384 2687 502 2729 resecuta
521 2679 661 2729 Crataeide
677 2686 779 2729 natam:
904 2681 971 2730 Sunt
984 2687 1012 2729 et
1030 2695 1192 2743 purpureae:
1213 2683 1258 2730 tibi
1271 2688 1300 2730 ct
1315 2682 1363 2731 has
1377 2697 1537 2749 servamus,
1558 2696 1590 2739 et
1607 2690 1675 2741 illu,

120 2749 184 2799 Acis
199 2753 264 2806 erat,
285 2748 375 2795 Fauno
396 2748 567 2813 Nymphaque
585 2748 752 2810 Symaethide
767 2756 863 2809 cretus,
906 2749 967 2812 lpsa
981 2749 1031 2797 tuis
1048 2750 1174 2809 manibus,
1190 2750 1302 2799 silvestri
1316 2757 1378 2799 usta
1398 2751 1447 2799 suh
1464 2756 1584 2821 umbra,

119 2818 218 2878 Magna
227 2815 332 2880 quidem
340 2817 473 2880 patrisque
486 2817 535 2876 sui,
545 2818 684 2879 matrisque
693 2819 820 2879 voluptas,
829 2823 879 2867 750
905 2818 994 2865 Mollia
1007 2816 1079 2879 fraga
1095 2820 1184 2880 leges:
1203 2819 1258 2881 ipsa
1271 2819 1446 2868 auctumnalia
1458 2836 1564 2889 corna,
1641 2832 1690 2877 8Ιὸ

120 2888 215 2935 h‘ostra
229 2893 316 2933 tamen
334 2886 423 2933 rnaior.
460 2885 526 2933 h'am
544 2900 584 2933 me
600 2885 647 2933 sibi
663 2886 785 2936 iunxerat
802 2887 845 2935 uni
907 2888 1055 2950 Pronaque,
1069 2901 1119 2933 nou
1139 2887 1219 2935 solum
1237 2888 1308 2949 nigro
1329 2888 1436 2936 liventia
1448 2904 1530 2951 aneo,

120 2955 242 3015 Pulcher,
258 2959 294 3009 et,
309 2955 407 3001 octonis
421 2954 513 3002 iterum
528 2955 656 3003 natalibus
668 2954 742 3016 actis,
905 2956 1003 3003 Verum
1019 2956 1096 3003 etiarn
1121 2970 1256 3016 generosa,
1276 2972 1406 3020 novasque
1421 2958 1569 3013 inritantia
1584 2978 1675 3015 ceras.

119 3024 241 3085 Siquasat
251 3022 330 3070 dubia
346 3029 450 3071 teneras
471 3023 590 3084 lanugine
607 3024 696 3072 malas.
906 3024 962 3073 bec
975 3025 1021 3073 tibi
1037 3028 1186 3083 castaneae,
1201 3040 1242 3074 me
1258 3026 1374 3087 coniuge,
1390 3040 1440 3075 nee
1457 3028 1508 3077 tibi
1529 3032 1658 3085 deerunt

118 3092 198 3141 Hunc
214 3106 271 3153 ego,
293 3105 334 3138 me
351 3090 461 3153 Cyclops
478 3095 548 3141 nullo
569 3106 626 3140 cum
645 3090 697 3139 linc
712 3091 838 3153 petebst;
904 3092 1015 3142 Arbutei
1031 3091 1115 3141 fetus:
1132 3093 1213 3142 omnis
1231 3094 1276 3141 tibi
1297 3095 1394 3143 serr-let
1412 3097 1503 3147 arbos⁸

119 3162 185 3220 hiec,
207 3160 391 3224 siquaesicris,
409 3162 496 3211 odium
509 3161 758 3223 Cyclopis,amorne
828 3164 878 3210 lbi
904 3162 963 3210 Hoc
980 3176 1059 3223 pecus
1073 3176 1149 3209 omne
1162 3176 1247 3211 meum
1263 3170 1318 3213 est:
1337 3165 1433 3211 multae
1444 3180 1561 3233 quoqne
1573 3172 1688 3221 vallibus

120 3230 210 3279 Acidis
225 3230 250 3277 in
269 3230 342 3278 nobis
358 3227 437 3279 fuerit
454 3232 626 3293 praesentior,
641 3229 739 3278 edam:
1332 3240 1437 3289 errant;
1635 3244 1688 3291 flu

119 3299 171 3347 Par
185 3304 320 3363 utrumque
335 3296 392 3347 fuit.
429 3298 498 3348 Proh
519 3307 616 3364 quanta
636 3298 754 3361 potentia
770 3298 843 3359 regni
904 3299 1002 3347 Multas
1018 3298 1082 3346 silva
1102 3298 1181 3359 tegit,
1201 3300 1298 3349 multae
1315 3301 1481 3351 stabulantur
1495 3302 1525 3353 lra
1549 3310 1652 3359 antris.

120 3367 174 3425 Est,
187 3368 277 3416 Venus
294 3368 372 3426 alma,
388 3366 438 3415 lui!
458 3384 552 3431 nempe
571 3369 614 3417 ille
631 3368 743 3425 immitis,
759 3367 862 3430 stipsis
905 3368 969 3425 Nec,
983 3368 1003 3415 si
1019 3365 1086 3416 l'orte
1101 3382 1185 3428 roges,
1209 3369 1302 3431 possim
1320 3368 1365 3417 tibi
1381 3368 1481 3430 dicere,
1498 3383 1572 3437 quot
1584 3378 1651 3427 siat.

119 3436 273 3484 Horrendus
290 3438 369 3493 rilris,
381 3443 407 3486 ct
425 3437 493 3485 risus
516 3439 548 3486 ab
565 3438 667 3499 hospite
685 3437 755 3485 nullo
904 3436 1030 3497 Pauperis
1046 3442 1086 3483 est
1101 3451 1238 3485 numerare
1257 3452 1346 3500 pecus.
1382 3438 1422 3486 De
1436 3439 1569 3493 laudibus
1589 3446 1686 3497 haran

118 3505 240 3567 Impune,
257 3511 284 3553 et
301 3504 386 3566 magui
399 3520 455 3552 cum
472 3505 511 3554 dis
525 3512 689 3566 contemptor
703 3502 818 3566 Olympi,
828 3506 878 3551 700
904 3504 1020 3552 h'ilmihi
1035 3503 1192 3553 credideris:
1212 3520 1336 3567 praeseus
1362 3512 1436 3567 potes
1453 3509 1512 3569 ipsa
1538 3514 1650 3575 ridere,

119 3573 188 3623 Ouid
211 3575 243 3621 sit
260 3588 341 3631 arnor,
356 3574 444 3631 sentit,
467 3573 599 3636 nostrique
617 3573 737 3634 cupidine
753 3579 844 3632 captus
904 3573 939 3620 Ut
956 3573 998 3620 rix
1015 3572 1160 3622 sustineant
1176 3574 1317 3623 distentum
1334 3576 1451 3624 cruribus
1469 3579 1549 3629 uber.
1630 3590 1684 3637 m

118 3642 219 3700 Uritur,
235 3642 329 3689 oblitus
345 3656 476 3702 pecorum,
494 3650 677 3703 antrorumque
697 3655 809 3689 suorum.
903 3642 978 3700 Sunt,
994 3640 1080 3689 fetura
1100 3643 1192 3703 minor,
1207 3644 1302 3704 tepidis
1316 3645 1341 3691 in
1357 3645 1466 3692 ovilibus
1484 3650 1572 3709 agni:

119 3710 226 3772 lamque
242 3710 286 3758 libi
299 3708 406 3775 formae,
423 3710 526 3773 iamque
545 3716 584 3759 est
600 3710 646 3757 tibi
666 3724 728 3758 cura
740 3707 877 3770 piscanum
903 3710 970 3758 Sunt
986 3723 1097 3774 quoque,
1114 3724 1162 3773 par
1175 3719 1258 3769 aetas,
1272 3712 1329 3760 aliis
1344 3712 1370 3760 iu
1388 3712 1498 3763 orilibus
1512 3716 1611 3773 haedi.

118 3778 174 3827 lam
191 3778 287 3839 rigidos
303 3780 386 3841 pectis
408 3781 508 3839 rastris,
528 3778 699 3840 Polypheme,
721 3778 842 3839 capillos3
903 3780 957 3827 Lac
974 3779 1033 3827 mihi
1046 3794 1149 3841 semper
1162 3780 1237 3829 adest
1249 3782 1361 3830 niseum.
1399 3782 1465 3830 Pars
1476 3783 1542 3833 iude
1558 3790 1682 3843 bibenda

117 3846 173 3895 Iam
197 3848 396 3896 lilrerblrsurnrn
413 3848 459 3896 tibi
480 3846 548 3896 falce
561 3846 678 3895 recidere
693 3847 809 3904 barbam,
828 3848 878 3893 rut
903 3848 1044 3906 Servatum
1063 3858 1164 3909 partem
1178 3848 1319 3911 liquefacta
1334 3852 1441 3909 coagula
1460 3850 1574 3907 darant.

118 3915 152 3964 Et
165 3924 284 3977 spectare
300 3915 368 3965 feros
383 3918 408 3965 in
427 3933 504 3981 aqua,
522 3923 550 3967 et
565 3930 731 3978 componere,
750 3916 844 3963 rullus.
905 3917 961 3967 Nee
984 3917 1028 3965 tibi
1045 3916 1156 3965 deliciae
1175 3917 1275 3979 faciles,
1291 3918 1447 3982 vulgataque
1469 3924 1581 3975 tantam
1628 3932 1680 3979 m

119 3984 213 4033 Caedis
226 3999 306 4044 amor,
321 3984 471 4049 feritasque,
487 3987 593 4051 sitisque
605 3985 731 4033 immensa
746 3984 843 4032 cruoris
904 3985 1015 4034 Munera
1029 3987 1189 4047 contingent,
1201 3986 1305 4045 darnae,
1327 3989 1491 4051 leporesque,
1509 4006 1679 4063 eapmqne,

118 4053 238 4114 Cessent,
259 4062 286 4103 et
303 4062 376 4103 tntae
393 4056 560 4119 reniuntque,
579 4056 727 4117 abeuntque
745 4053 860 4101 carinae.
903 4054 1006 4116 Parque
1027 4056 1212 4117 columbarum,
1226 4055 1380 4117 demptusve
1399 4058 1536 4109 cacumine
1550 4064 1655 4129 niam

115 4122 236 4171 Telemus
257 4124 357 4171 interea
371 4124 483 4172 Siculam
498 4124 602 4174 delatus
616 4123 649 4171 ad
664 4124 779 4179 Aetnen,
903 4122 997 4171 inveni
1011 4124 1137 4185 geminos,
1159 4125 1202 4188 qui
1220 4128 1304 4173 tecum
1325 4125 1417 4174 ludere
1434 4128 1547 4192 possins,

115 4191 235 4239 Telemus
250 4191 413 4254 Eurymides,
430 4207 505 4254 quem
517 4195 590 4242 nulla
605 4190 736 4241 fefellerat
749 4192 813 4247 aler,
827 4194 877 4237 770
903 4191 978 4239 inter
993 4206 1020 4240 se
1036 4191 1140 4255 similes,
1156 4194 1200 4241 rix
1218 4199 1246 4242 ut
1263 4193 1414 4254 dignoscere
1427 4197 1521 4257 pessis,

115 4260 266 4309 Terribilem
278 4260 455 4322 Polyphemon
468 4261 532 4319 adit,
544 4261 705 4323 lumenque,
715 4260 782 4324 quorl
798 4274 877 4308 unum
903 4260 1018 4308 villosae
1035 4261 1134 4309 catulos
1157 4260 1182 4309 iu
1201 4264 1305 4311 summis
1322 4263 1565 4330 montibasnrsaeq
1623 4276 1677 4323 ω

116 4329 213 4378 Fronte
227 4328 293 4387 poris
307 4328 402 4387 medin,
421 4330 505 4390 rapiet
521 4330 575 4388 uni,
595 4330 671 4387 uuir,
689 4329 788 4377 Ulixes.
903 4329 1007 4387 Inveni,
1023 4332 1050 4377 et
1063 4328 1195 4389 dominae,
1212 4330 1275 4389 dixi,
1292 4332 1452 4381 servabimus
1468 4334 1543 4385 uros.

116 4398 192 4457 Risit,
205 4406 241 4457 et,
253 4398 277 4445 0
294 4405 381 4445 ratum
397 4398 570 4457 stolidissime,
585 4396 691 4456 falleris,
707 4398 807 4461 iuquit:
904 4397 959 4446 lam
974 4396 1050 4445 modo
1062 4399 1183 4446 caeruleo
1200 4400 1309 4449 nitidum
1326 4408 1405 4463 caput
1421 4415 1516 4451 exsere
1531 4410 1640 4466 pontin

116 4466 211 4515 Altera
235 4467 285 4515 iarn
309 4468 405 4529 rapuit.
441 4467 484 4515 Sic
501 4465 597 4515 frustra
616 4482 677 4516 rera
694 4474 841 4516 monentem
904 4466 969 4522 lam,
984 4466 1105 4525 Galatea,
1120 4468 1196 4527 reni3
1216 4483 1266 4517 nec
1284 4484 1392 4518 munera
1414 4470 1521 4533 despice
1534 4481 1641 4527 nostra.

115 4534 232 4597 Spernit,
253 4542 280 4584 et
299 4542 346 4585 ant
366 4535 489 4596 gradiens
506 4536 604 4596 ingenti
620 4538 697 4584 litora
714 4549 791 4597 passu
826 4538 876 4585 770
903 4534 983 4585 Certe
1003 4548 1051 4597 ego
1074 4549 1115 4583 me
1136 4538 1204 4597 novi,
1221 4538 1386 4602 liquidaeque
1405 4539 1430 4587 iu
1448 4540 1564 4603 imagine
1581 4544 1640 4595 ridi

117 4604 260 4665 Deprarst,
278 4611 324 4654 aut
342 4603 425 4653 fessus
445 4605 491 4653 sub
507 4620 589 4667 opaea
606 4605 746 4653 revestitus
756 4610 843 4653 antra.
903 4604 1093 4668 Nuperaquae;
1104 4606 1253 4671 placuitque
1261 4607 1387 4656 mihimea
1397 4606 1480 4657 forma
1493 4608 1609 4661 ridenti.
1619 4618 1675 4667 ιιι

116 4672 250 4722 Prominet
262 4674 287 4723 in
300 4680 407 4737 pontum
422 4680 549 4723 curreatns
568 4675 686 4723 acumine
702 4674 778 4734 longo
905 4672 1028 4735 Adspice,
1041 4673 1086 4720 sim
1106 4681 1227 4737 quantus.
1265 4674 1322 4723 Non
1340 4684 1380 4724 est
1395 4678 1445 4727 hoe
1459 4691 1572 4741 corpore
1587 4684 1676 4733 maior

116 4739 209 4790 Collis:
229 4748 365 4807 utrumque
383 4746 450 4793 latus
464 4742 618 4792 circumfluit
629 4740 749 4805 aequoris
762 4740 842 4791 unda.
902 4741 1005 4805 iupiter
1019 4742 1045 4791 in
1064 4746 1153 4792 coelo:
1175 4758 1234 4792 narn
1252 4755 1298 4792 ros
1314 4759 1421 4795 narrare
1438 4748 1526 4797 soletis

169 4863 210 4903 710
224 4873 258 4917 sq.
272 4862 388 4911 Mnnirlri.
403 4862 525 4908 Molosson
540 4874 565 4905 se
584 4862 611 4909 ls,
625 4860 669 4905 filil
684 4867 734 4905 tres
748 4874 799 4905 cna
814 4874 894 4905 serore
907 4860 931 4905 la
945 4873 1001 4905 aves
1016 4864 1100 4907 aelati
1116 4862 1192 4919 ipae·
1206 4874 1221 4907 a
1235 4862 1352 4929 lstsnanra
1372 4868 1442 4935 turba
1457 4869 1571 4913 lalaeta-
1594 4870 1676 4916 aedib.

331 4920 464 5027 leur:
478 4917 556 5017 riri
572 4916 891 5015 rtrum
906 4916 1126 5017 susurru
1144 4919 1459 5027 incarnare}
1478 4926 1676 5035 ‘armac

116 5026 157 5069 tlt
173 5024 280 5077 Arborei,
294 5027 354 5081 qnod
369 5040 438 5082 quara
454 5028 472 5081 l,
487 5028 526 5073 mr
541 5027 676 5079 delevisset,
690 5024 728 5071 his
742 5038 864 5083 perpera·
880 5026 978 5070 retisalt
996 5002 1087 5083 (lieris.
1100 5026 1172 5073 nllsd
1185 5034 1224 5073 est
1236 5030 1261 5073 la
1275 5028 1337 5082 xlr',
1350 5033 1397 5077 075.
