3586 5498
128 273 203 351 m
479 302 1139 355 1’.ov1ustlsnsosts·russs·1un
1171 304 1317 351 111111.

128 475 180 526 Sea
200 481 290 538 stupor
301 474 359 525 lrnlc
373 472 467 536 studio,
481 476 537 523 slve
558 482 598 525 est
611 476 712 525 insania
723 491 833 539 nomen;
909 476 958 526 llle
978 490 1034 525 meo
1050 490 1142 525 sereor
1157 490 1191 524 ne
1204 483 1293 539 speret
1309 476 1444 540 sangaine
1459 478 1616 545 praedat,

164 545 255 595 Omnis
269 546 302 593 ab
319 546 367 594 bac
381 560 442 593 cnm
453 559 525 594 mens
539 546 654 594 relevata
669 561 726 595 mea
743 552 792 596 est.
942 546 1017 594 Haec
1032 547 1132 594 titulum
1147 553 1252 595 nostras
1268 546 1356 596 mortis
1370 548 1481 597 babere
1501 551 1586 599 velit.
1663 553 1693 600 ὓ

128 615 214 678 Saepe
231 629 279 676 ego
291 614 409 663 nimbosis
424 613 515 663 dubius
528 614 642 664 iactabar
661 617 693 664 ab
713 615 830 667 Haedis:
908 615 1026 664 Barbara
1039 630 1098 677 pars
1110 617 1184 663 laeva
1200 623 1249 676 est,
1258 615 1404 679 avidaeque
1418 618 1568 669 instructa
1577 619 1695 685 rapinas,

163 685 248 747 Saepe
266 684 351 733 minax
367 684 489 745 Steropes
502 683 585 733 sidere
597 690 691 747 pontus
706 693 779 745 erat;
943 686 1026 735 Quem
1039 699 1113 733 cruor
1127 691 1155 733 et
1170 684 1266 734 caedes
1279 686 1402 750 bellaque
1412 700 1535 751 semper
1551 690 1665 741 hbeat.

127 752 307 817 Fuscabatque
325 753 392 803 diem
405 758 488 801 custos
503 752 701 816 Erymanthidos
717 754 813 816 Ursae;
851 758 882 804 ts
908 754 1045 817 Quumque
1063 755 1096 803 sit
1106 754 1217 802 bibernis
1230 755 1353 816 agitatum
1366 753 1504 807 fluctibus
1516 772 1635 824 aequus,

163 824 218 873 Aut
233 821 342 885 Hyadas
354 824 436 872 saevis
452 828 561 871 auxerat
574 823 670 872 Auster
688 825 774 887 aquis:
943 823 1055 871 Pectora
1072 829 1132 871 sunt
1145 823 1200 885 ipso
1219 822 1360 872 turbidiora
1379 826 1462 875 mari.

127 891 213 953 Saepe
227 893 305 941 maris
318 907 378 954 pars
395 892 462 940 intus
477 899 547 950 erat;
568 899 653 941 tamen
671 893 726 954 ipse
741 894 865 942 trementi
907 893 965 942 Quo
979 894 1109 954 magisbis
1124 893 1204 941 debes
1218 893 1359 955 ignoscere,
1382 894 1512 945 candide
1527 898 1630 964 lectar,
1663 904 1694 950 11

161 961 282 1010 Carmina
295 961 421 1009 ducebam
432 962 625 1026 qualiacumque
641 977 726 1010 maun.
942 961 969 1009 Si
981 976 1027 1023 spe
1043 969 1111 1020 sunt,
1127 968 1155 1010 nt
1174 970 1242 1021 sunt,
1259 961 1385 1011 inferiora
1396 969 1455 1012 tna-

126 1030 204 1080 Nunc
222 1044 322 1094 qnoque
340 1031 454 1078 contenti
472 1030 584 1079 stridunt
601 1031 730 1094 Aquilone
747 1032 883 1090 rudentes,
908 1031 966 1078 Non
978 1030 1042 1078 baec
1055 1032 1079 1078 in
1095 1032 1197 1089 nostris,
1217 1037 1245 1079 ut
1260 1032 1402 1095 quondam,
1421 1034 1578 1086 scribimus
1611 1038 1698 1103 bern,

162 1100 246 1164 Inque
262 1100 365 1148 modum
381 1100 470 1148 tumuli
484 1114 596 1148 concava
608 1101 689 1161 surgit
703 1116 777 1166 aqua.
850 1105 882 1150 10
943 1101 1007 1158 Nec,
1020 1108 1152 1161 consuete,
1168 1114 1262 1160 meum,
1281 1102 1387 1161 lectule,
1404 1116 1515 1165 corpus
1532 1105 1632 1159 baises.

126 1168 190 1235 lpse
203 1171 362 1232 gubernator
379 1170 472 1217 tollens
488 1168 521 1217 ad
537 1170 622 1218 sidera
636 1172 733 1231 palmas
908 1168 994 1217 lactor
1010 1170 1035 1217 in
1049 1170 1171 1219 indomito
1187 1170 1294 1219 brumali
1313 1172 1369 1219 luce
1392 1171 1555 1238 profando,

163 1239 286 1303 Exposcit
300 1240 373 1297 votis,
389 1240 519 1286 immemor
535 1240 606 1297 artis,
622 1254 706 1301 opem.
942 1238 1054 1302 ipsaque
1071 1240 1195 1288 caeruleis
1207 1239 1297 1288 cbarta
1310 1238 1405 1288 feritur
1419 1243 1518 1305 aquis,
1666 1256 1695 1301 41

126 1308 293 1372 Quocumque
309 1308 432 1370 adspicio,
453 1309 514 1356 nibil
525 1315 574 1367 est,
590 1309 637 1357 nisi
653 1308 740 1357 mortis
755 1308 848 1371 imago,
908 1309 1029 1369 improba
1047 1316 1144 1371 pugnat
1160 1309 1250 1368 biems,
1270 1308 1498 1374 indignaturque,
1521 1317 1603 1378 quod
1618 1322 1695 1372 ...h

162 1379 246 1430 011111
264 1377 342 1427 dubia
354 1378 431 1426 timeo
451 1383 546 1437 mente,
561 1380 704 1442 timensque
721 1391 822 1440 precor.
941 1378 1069 1437 Scribere,
1082 1394 1110 1426 se
1126 1378 1221 1439 rigidas
1237 1378 1377 1427 incutiente
1394 1380 1499 1428 minas.

126 1448 246 1511 Attigcro
257 1453 366 1510 portum,
384 1454 456 1509 portu
472 1449 587 1495 terrebor
601 1449 633 1496 ab
647 1449 716 1510 ipso:
849 1452 882 1498 2⁵
907 1447 1001 1495 Vincat
1015 1447 1093 1498 biems
1108 1448 1250 1497 bominem:
1264 1447 1309 1496 sed
1325 1447 1422 1496 eodem
1431 1455 1582 1521 tempure,
1592 1472 1696 1526 qum,

47 1575 50 1581 ¹
160 1517 224 1567 Plus
243 1518 321 1567 babet
332 1516 426 1566 infesta
443 1522 512 1565 terra
530 1518 627 1565 timoris
642 1532 717 1581 aqua.
942 1516 1003 1580 lpse
1018 1518 1120 1568 modum
1138 1523 1249 1566 statuam
1262 1517 1394 1580 arminia,
1410 1518 1461 1567 illa
1476 1521 1535 1572 sui.

127 1584 194 1636 Nam
212 1586 286 1635 simul
301 1586 398 1635 insidiis
411 1586 537 1633 bominum
558 1588 694 1649 pelagique
718 1584 815 1649 laboro,

161 1655 197 1706 Et
208 1655 307 1705 iaciunt
323 1656 437 1718 geminos
451 1657 520 1705 ensis
537 1662 564 1704 et
582 1656 651 1706 unda
668 1664 760 1704 metus.

507 1928 768 2005 LIBER
830 1928 1286 2006 SECUNDUS.
1350 1924 1353 1939 '

126 2128 196 2182 Quid
211 2129 272 2179 mibi
282 2129 411 2181 vobiscum
428 2136 477 2190 est,
487 2117 577 2180 infelix
590 2146 661 2194 cura,
677 2131 766 2195 libelli,
905 2129 989 2195 quue
1008 2128 1085 2180 iacis:
1110 2145 1159 2179 uec
1183 2137 1209 2178 te
1227 2130 1360 2194 quisquam
1379 2132 1562 2190 moderatius
1580 2153 1693 2209 unqu

159 2200 268 2262 Ingenio
284 2201 348 2263 perii
364 2202 406 2266 qui
418 2202 493 2249 miser
505 2192 560 2264 ipse
573 2208 649 2250 meot
940 2201 1046 2262 Imperii
1066 2201 1148 2263 potuit
1166 2199 1240 2249 irena
1258 2208 1348 2251 tenere
1366 2202 1416 2252 sai.

123 2268 178 2319 Cur
196 2269 270 2318 modo
279 2268 412 2319 damnatas
428 2279 528 2333 repeto,
549 2286 605 2320 mea
623 2269 739 2329 crimina,
755 2270 864 2321 Musast
904 2271 942 2318 'l’u
961 2272 1062 2318 veniam
1080 2269 1148 2332 parti
1166 2277 1304 2332 superatae
1322 2285 1402 2334 saepe
1423 2273 1551 2342 dedisti,

158 2339 200 2388 An
218 2341 296 2390 semel
315 2348 354 2389 est
366 2354 474 2402 poenam
488 2341 668 2389 commeruisse
684 2346 793 2401 parumt
940 2340 997 2387 Non
1017 2353 1183 2388 concessurus
1202 2354 1279 2403 quarn
1298 2340 1345 2388 tibi
1363 2340 1450 2391 victor
1469 2354 1551 2398 erat.

123 2407 651 2472 01111111111111111111111111311111111
668 2409 765 2458 vellent
865 2414 879 2459 b
907 2410 1007 2457 Divitiis
1025 2409 1102 2457 etiam
1122 2410 1214 2457 multos
1232 2414 1259 2457 et
1276 2409 1414 2458 bonoribus
1432 2421 1539 2467 1111111.
1658 2422 1689 2471 υ

157 2479 252 2528 Omine
267 2494 316 2527 non
330 2478 413 2527 fausto
426 2476 521 2527 femina
540 2481 638 2542 virque,
653 2492 720 2526 mea.
940 2478 1009 2535 Vidi,
1028 2478 1071 2541 qui
1090 2479 1203 2526 tulerant
1221 2478 1246 2527 in
1265 2486 1344 2540 caput
1360 2493 1436 2528 arma
1455 2489 1560 2548 tuum

122 2547 242 2597 Carmina
259 2545 385 2604 iecerunt,
399 2553 426 2594 ut
443 2562 484 2595 me
505 2562 638 2610 moresque
656 2552 759 2595 notaret
905 2548 1029 2610 Quaeque
1047 2547 1104 2596 dies
1122 2548 1225 2607 bellum,
1244 2548 1304 2596 belli
1323 2548 1369 2596 tibi
1393 2553 1508 2603 sustulit
1539 2557 1624 2621 im,

157 2615 213 2664 Iam
229 2617 331 2664 demum
347 2617 400 2663 visa
412 2616 509 2664 Caesar
526 2618 558 2664 ab
570 2616 638 2664 Arte
654 2630 732 2663 meos.
939 2617 1054 2680 Parsque
1072 2615 1146 2665 simul
1165 2618 1266 2678 templis
1285 2623 1394 2681 utraque
1412 2619 1490 2671 dona
1512 2628 1591 2678 tulit.

121 2686 205 2734 Deme
222 2685 282 2733 mibi
300 2684 428 2744 studium
447 2686 516 2733 vitae
530 2700 630 2749 quoque
651 2686 757 2733 crimina
773 2683 879 2736 demes:
905 2686 990 2749 thue
1009 2694 1067 2734 tuus
1085 2685 1183 2747 gaudet
1200 2687 1281 2746 miles,
1299 2687 1367 2749 quod
1387 2688 1484 2739 vicerit
1515 2695 1640 2762 huten,

157 2754 299 2815 Acceptum
319 2752 403 2802 refero
415 2755 538 2813 versibus,
550 2769 607 2803 esse
622 2768 726 2803 nocens.
848 2759 879 2805 10
938 2756 989 2817 Sic,
1007 2755 1103 2805 victum
1121 2768 1213 2803 curse
1231 2754 1353 2817 guadeat,
1372 2756 1457 2807 sestis
1475 2760 1581 2817 babet,
1654 2772 1687 2818 ιο

122 2821 181 2871 Hoc
195 2822 306 2884 pretium
321 2837 398 2871 curae
413 2824 624 2888 vigilatorumque
642 2825 757 2873 laborum
904 2824 988 2874 Causa
1007 2839 1065 2872 mea
1083 2828 1123 2872 est
1142 2825 1240 2885 melior,
1267 2825 1310 2888 qni
1328 2839 1377 2875 nee
1394 2833 1540 2883 contraria
1568 2835 1657 2903 ω,

156 2891 293 2953 Cepimus;
314 2891 415 2954 ingenio
432 2906 517 2954 poene
533 2901 637 2955 reperta
652 2907 717 2941 meo.
938 2894 1028 2954 Arma,
1047 2907 1095 2942 nec
1113 2894 1218 2942 hostiles
1235 2908 1293 2944 ease
1310 2901 1413 2943 secutus
1432 2911 1516 2960 opes.

122 2958 150 3010 Si
169 2974 296 3023 saperem,
312 2960 402 3010 doctas
421 2960 530 3009 odissem
550 2962 604 3012 iure
624 2962 740 3023 Sorores,
902 2964 1053 3022 Permane,
1079 2977 1126 3024 per
1151 2968 1242 3025 terras,
1267 2979 1314 3026 per
1332 2965 1412 3014 tertia
1435 2971 1655 3039 naminari-10,

156 3029 268 3078 Numine
284 3031 374 3079 cmmri
385 3031 528 3093 perniciosa
547 3046 602 3080 sno.
937 3033 989 3080 Per
1008 3038 1044 3094 te,
1063 3039 1226 3093 praesentem
1244 3033 1463 3097 conspicuumque
1480 3037 1597 3105 deuna

120 3096 159 3149 At
178 3113 254 3161 nunc,
271 3106 344 3148 tanta
357 3113 414 3148 meo
427 3115 512 3150 comes
525 3109 564 3149 est
581 3100 679 3149 insania
692 3100 788 3161 morbo,
846 3102 878 3148 1⁶
903 3102 980 3150 Hunc
1003 3101 1114 3150 animum
1129 3100 1222 3150 favisse
1244 3103 1298 3162 tibi,
1319 3103 1358 3150 vir
1372 3104 1502 3170 maxime,
1520 3125 1637 3179 nequ,
1653 3118 1684 3165 η

154 3167 225 3217 Sasu
239 3171 331 3217 malum
347 3167 431 3219 resero
451 3185 538 3218 rursus
560 3169 592 3219 ad
610 3170 660 3217 icta
672 3169 776 3231 pedem.
938 3172 998 3221 Qua
1016 3172 1069 3218 sola
1088 3171 1169 3232 potui,
1188 3176 1275 3220 mente
1294 3170 1373 3220 fuisse
1391 3179 1477 3225 tunm.

119 3236 224 3288 Scilicet
241 3244 268 3287 et
279 3238 360 3288 victus
378 3240 474 3302 repetit
487 3239 614 3301 gladiator
630 3252 746 3299 arenam,
902 3240 1000 3302 Optavi
1018 3246 1121 3302 peteres
1138 3240 1261 3289 coelestia
1277 3240 1364 3290 sidera
1381 3242 1472 3305 tarde,

154 3307 267 3357 Etredlt
279 3309 304 3357 in
323 3308 433 3357 tumidas
449 3307 574 3371 naufraga
588 3310 681 3372 pnppis
699 3322 786 3372 aquas.
937 3309 1053 3373 Parsque
1070 3308 1106 3357 fui
1125 3310 1215 3367 turbae
1233 3324 1313 3372 parva
1331 3314 1465 3372 precantis
1483 3312 1579 3370 iden.

119 3376 247 3437 Forsitan,
264 3384 292 3427 ut
310 3378 438 3443 quondam
450 3379 622 3428 Teuthrantia
634 3392 715 3441 regna
733 3377 843 3438 tenenti,
903 3379 936 3427 Et
954 3379 997 3441 pia
1015 3385 1072 3426 tura
1090 3377 1151 3426 dedi
1169 3394 1215 3441 pro
1234 3385 1275 3428 te:
1300 3394 1410 3444 cumque
1426 3384 1562 3438 omnibus
1583 3405 1654 3443 mg

154 3447 196 3495 Sic
209 3448 268 3496 mibi
280 3463 321 3497 res
338 3449 430 3497 eadem
448 3451 540 3497 vulnus
557 3462 685 3511 opemque
698 3445 782 3508 ieret3
843 3451 877 3496 20
936 3447 996 3509 lpse
1014 3463 1115 3512 qnoque
1133 3447 1219 3497 adiuvi
1238 3449 1340 3510 publica
1358 3455 1419 3498 vota
1437 3453 1520 3504 tuels.
1650 3464 1685 3513 gs

118 3515 255 3580 Musaque,
278 3532 351 3581 quam
372 3519 459 3578 movit,
473 3526 567 3567 motam
582 3532 683 3581 qnoque
695 3519 775 3567 leniet
797 3517 876 3566 iram:
902 3517 970 3567 Quid
990 3516 1100 3566 referam
1119 3517 1206 3579 libros,
1231 3518 1286 3567 ilios
1304 3533 1414 3583 quoqne,
1440 3522 1564 3577 crimina
1583 3538 1685 3595 ms,

154 3586 270 3636 Exorant
286 3601 391 3647 magnos
406 3588 520 3635 carmina
535 3602 615 3649 saepe
631 3587 703 3635 deos.
934 3587 1009 3635 Mille
1028 3587 1089 3635 locis
1106 3588 1196 3648 plenos
1214 3588 1323 3636 nominis
1342 3602 1400 3638 esse
1417 3591 1480 3640 tuis

118 3652 180 3718 Ipse
197 3670 297 3719 quoqne
319 3656 447 3704 Ausonias
464 3657 561 3704 Caesar
579 3662 723 3719 matresque
745 3669 876 3720 nurusque
900 3654 1004 3717 Inspice
1022 3656 1102 3704 malus
1113 3670 1185 3717 opns,
1205 3658 1274 3720 quod
1292 3656 1377 3706 adbuc
1390 3658 1448 3707 sine
1463 3659 1523 3710 fine
1539 3668 1651 3737 κώμῃ,

154 3724 274 3773 Carmina
287 3725 430 3785 turrigerae
444 3724 529 3773 dicere
550 3725 623 3773 iussit
639 3726 699 3787 Opi.
935 3725 965 3773 ln
986 3741 1035 3774 non
1054 3725 1198 3774 credendos
1216 3740 1324 3789 corpora
1346 3741 1423 3778 versa
1441 3730 1563 3798 modoa3

118 3791 233 3842 Iusserat
249 3794 394 3842 ethoebo
411 3793 478 3854 dici;
506 3801 685 3858 quotcmpore
707 3793 781 3844 ludos
842 3797 875 3843 11
900 3793 1023 3843 invenies
1041 3795 1121 3843 vestri
1138 3796 1276 3856 praeconia
1294 3796 1404 3844 nominis
1421 3796 1495 3850 illie:
1649 3812 1684 3861 gg

154 3863 237 3925 Fecit,
255 3878 317 3927 quos
330 3872 404 3912 aetas
425 3863 535 3925 adspicit
551 3864 700 3912 unasemcl.
935 3863 1056 3913 Invenies
1073 3865 1152 3914 animi
1170 3865 1276 3927 pignora
1294 3867 1375 3913 multa
1393 3865 1454 3915 urei·

117 3931 168 3982 nn
182 3948 273 3995 precor
287 3934 411 3995 exemplis
425 3939 468 3981 tua
484 3947 561 3994 nunc,
581 3933 710 3982 mitissime
735 3931 841 3995 Caesar,
900 3933 958 3983 Non
977 3941 1022 3982 tna
1040 3934 1193 3982 carminibus
1211 3934 1290 3982 maior
1308 3933 1339 3983 fit
1356 3934 1446 3996 gloria,
1467 3951 1523 3991 nee
1544 3960 1617 4011 qm,

153 4002 211 4052 Fiat
229 4004 261 4050 ab
280 4004 382 4066 ingenio
401 4003 500 4051 mollior
518 4004 556 4051 ira
575 4017 639 4050 meo.
934 4003 969 4052 Ut
988 4002 1067 4051 maior
1085 4001 1139 4062 liat,
1157 4017 1275 4052 crescere
1293 4004 1383 4065 possit,
1401 4005 1495 4057 babet.

117 4070 169 4121 Illa
187 4071 289 4135 quidem
309 4073 374 4122 iusta
393 4079 442 4130 est,
461 4088 509 4121 nec
527 4087 568 4121 me
587 4072 709 4121 meruisse
727 4071 846 4132 negabo;
900 4072 979 4121 Fama
998 4073 1054 4120 lovi
1079 4079 1211 4134 superest:
1233 4072 1400 4122 tamcnlmnc
1415 4088 1463 4122 sua
1478 4074 1561 4132 fam
1577 4084 1687 4147 5050„ss

153 4141 209 4189 Non
229 4141 294 4190 adeo
313 4149 399 4191 nostro
419 4141 485 4203 fugit
502 4143 534 4191 ab
553 4157 597 4189 oro
615 4139 707 4204 pudor.
842 4143 874 4189 10
936 4141 969 4189 Et
987 4156 1014 4189 se
1034 4143 1167 4190 materians
1186 4142 1304 4191 carminis
1322 4156 1389 4203 esse,
1408 4143 1500 4207 iuvat;
1651 4158 1686 4207 qq

117 4209 180 4269 Sed,
196 4212 243 4259 nisi
252 4227 408 4274 peccassem,
427 4213 487 4275 quid
504 4219 530 4261 tu
545 4212 688 4261 concedere
703 4214 808 4272 posses?
899 4211 1036 4274 Quumque
1054 4210 1176 4271 Gigantei
1194 4216 1367 4260 memorantur
1385 4215 1488 4273 proelia
1509 4218 1592 4287 belli,

152 4280 289 4329 Materiam
308 4284 399 4330 veniae
413 4297 466 4329 sors
483 4282 526 4330 tibi
541 4288 628 4330 nostra
647 4279 729 4329 dedit.
934 4280 1064 4329 Credibile
1083 4286 1122 4328 est
1140 4282 1234 4330 laetum
1254 4280 1372 4330 laudibus
1390 4295 1449 4331 esse
1468 4285 1537 4338 suis.

116 4349 153 4412 Si,
171 4351 269 4410 quoties
287 4351 402 4399 homines
420 4358 539 4412 peccant,
558 4366 604 4398 sna
621 4348 727 4398 fulmina
745 4348 830 4398 mittat
897 4351 934 4398 Te
953 4351 1087 4398 celebrant
1105 4349 1147 4397 alii
1165 4357 1261 4414 quanto
1279 4349 1356 4399 decet
1372 4364 1428 4413 ore,
1446 4356 1571 4422 tuasque

152 4418 261 4481 iupiter,
280 4420 371 4480 exiguo
389 4425 505 4481 tempore
524 4420 626 4467 inermis
645 4420 703 4467 erit.
933 4418 1041 4479 Ingenio
1059 4417 1150 4467 landes
1169 4420 1287 4468 uberiore
1306 4425 1412 4468 canum.

116 4488 169 4538 tlte
182 4489 225 4537 ubi
238 4488 366 4548 detonuit,
380 4489 541 4552 strepituque
555 4489 681 4537 exterruit
695 4487 793 4549 orbem,
840 4489 873 4535 10
898 4487 950 4537 Sed
968 4495 1064 4547 tamen,
1082 4494 1111 4534 ut
1127 4485 1183 4537 fuso
1202 4496 1332 4538 taurorum
1350 4487 1478 4551 sanguine
1496 4502 1630 4565 mun,
1648 4504 1683 4553 ῃ

150 4559 248 4608 Purnm
267 4559 386 4609 discussis
404 4572 465 4607 aera
483 4558 571 4607 reddit
588 4558 670 4622 aquis.
932 4556 975 4606 Sic
992 4557 1093 4619 capitur
1111 4558 1214 4606 minimo
1232 4559 1296 4608 turis
1314 4558 1410 4607 bonore
1428 4557 1508 4611 deus.

116 4627 178 4677 11111
196 4630 273 4691 igitur
292 4629 441 4692 genitorque
459 4627 536 4675 dersm
554 4634 689 4691 rectorque
709 4630 832 4684 vocatur3
898 4624 940 4674 Ab
958 4624 1038 4685 ferus,
1065 4631 1092 4674 et
1110 4628 1182 4677 nobis
1200 4628 1305 4678 nimium
1324 4627 1465 4676 crudeliter
1484 4630 1587 4699 bostis,

150 4696 212 4746 Iure
230 4714 313 4761 capax
332 4697 441 4747 mundus
459 4697 494 4744 nil
512 4696 574 4745 leve
593 4699 675 4746 maius
693 4695 779 4743 babet.
934 4696 1044 4744 Delicias
1063 4695 1124 4757 legit
1142 4697 1186 4759 qni
1204 4697 1249 4746 tibi
1267 4710 1376 4761 cumque
1394 4711 1487 4756 mean

115 4767 358 4833 Tuqnoqne,qunm
368 4767 469 4830 patriae
485 4770 568 4815 rector
579 4767 677 4824 dicare,
686 4770 822 4828 paterque,
897 4764 1017 4813 Carmina
1034 4779 1067 4813 ne
1085 4767 1177 4814 nostris
1195 4767 1231 4815 aie
1249 4773 1276 4814 te
1297 4767 1450 4816 venerantia
1467 4767 1545 4820 libris

150 4836 231 4888 Utere
251 4854 322 4888 more
339 4838 382 4888 dei
399 4851 492 4887 nomen
512 4836 630 4886 babentia
648 4833 726 4884 idem.
840 4837 873 4883 40
931 4834 1030 4883 Indicio
1048 4835 1146 4896 possint
1163 4835 1312 4886 candidiore
1331 4832 1397 4898 legi!
1642 4851 1679 4896 gg

171 4989 196 5033 ll
211 4989 309 5044 Stempe
324 4992 394 5035 Plias.
435 4990 461 5033 15
476 4987 620 5033 Atlantidos.
662 4987 767 5030 1011111.
808 4985 836 5027 11
850 4995 943 5039 semper
956 4990 1039 5038 agunt
1080 4985 1107 5027 10
1121 4995 1162 5038 sps
1176 4985 1233 5028 sint.
1276 4986 1340 5030 1111
1356 4987 1475 5029 1111111111,

171 5043 213 5086 bis
228 5044 257 5095 ll,
271 5047 296 5088 10
312 5047 411 5088 mesum
426 5059 480 5088 1111
494 5043 574 5100 pedem
589 5054 673 5085 rursus
686 5040 715 5085 ad
731 5040 776 5083 ieta
787 5041 842 5091 sero
856 5037 904 5081 eod.
921 5037 973 5080 less
987 5038 1131 5092 interpretor
1144 5038 1253 5092 impulsu,
1266 5042 1299 5082 ad
1313 5052 1372 5097 quse
1386 5040 1458 5089 fuisit
1472 5039 1563 5087 Heia.
1577 5058 1601 5090 u.
1670 5080 1676 5092 ,

115 5098 499 5153 110111111Μ111111,811.1,11,
555 5100 581 5143 11
600 5096 728 5139 li'uncubi.
784 5092 990 5143 iduorneniders,
1005 5095 1085 5147 patris.
1143 5093 1171 5135 11
1187 5094 1558 5149 1111111111111111111.ΙΙΙ,1,
1574 5048 1679 5148 nm,-

116 5152 603 5209 11111111111111111111111111111.
644 5152 671 5195 11
684 5158 720 5195 eet
734 5148 837 5193 elucrerss
850 5147 898 5192 end.
932 5148 960 5190 11
974 5160 1007 5203 sq.
1020 5149 1136 5192 nnnnnllia
1150 5146 1271 5203 depravati
1285 5149 1402 5199 videnum
1444 5148 1525 5198 Versu
1539 5154 1572 5231 φ
1585 5114 1674 5209 “a

1 5217 2 5221 ’
107 5215 216 5265 punt.
229 5209 379 5255 Dselaraaadl
394 5211 494 5269 siguum,
508 5209 568 5268 quod
582 5214 632 5268 post
647 5204 709 5251 1111
727 5216 821 5249 venata
835 5204 992 5262 posuimus
1005 5202 1127 5260 legebatur
1140 5210 1192 5263 pust
1205 5203 1240 5250 ts.
