3586 5498
203 962 1596 1078 ASTRONOMICON.

637 1205 852 1275 LIBER
899 1202 1166 1274 PRIMUS.

132 1396 268 1486 Garrulus
280 1384 382 1473 divinas
391 1424 469 1478 artes,
483 1428 511 1469 ιι
525 1416 627 1468 conscia
643 1416 691 1466 l'ati
914 1412 1035 1462 Proxima
1048 1417 1186 1477 tangentes
1200 1431 1286 1466 rerum
1305 1416 1411 1482 fastigia
1429 1422 1517 1472 coeloe
1639 1428 1673 1475 to
1706 1410 1709 1417 ’

132 1487 227 1541 diuers
239 1492 354 1542 diversos
369 1491 496 1540 homiuum
509 1488 636 1538 variantia
651 1500 735 1550 casus,
915 1482 967 1532 Qui
981 1482 1104 1533 domuere
1117 1483 1186 1535 feras
1204 1496 1295 1550 gentes
1309 1490 1409 1539 oriente
1424 1492 1471 1540 sub
1486 1492 1551 1554 ipso,

130 1560 256 1612 Coelestis
272 1563 378 1611 rationis
396 1574 470 1623 opus,
484 1558 615 1608 deducere
628 1556 724 1605 mundo
914 1551 986 1601 Quas
1001 1560 1073 1601 ιιιιι
1083 1554 1240 1618 Euphrates,
1255 1558 1281 1604 iu
1303 1573 1366 1622 quas
1386 1564 1413 1607 et
1426 1559 1502 1610 Nilus
1518 1561 1637 1624 lnuudat,

75 1650 77 1663 ·
130 1628 286 1694 Aggredior,
300 1632 447 1695 primusque
466 1629 538 1677 novis
554 1627 682 1676 Helicona
697 1637 800 1675 morere
914 1621 1094 1671 Quablnudus
1108 1624 1185 1687 redit,
1199 1633 1227 1675 et
1240 1626 1326 1689 nigras
1341 1631 1506 1690 superevolat
1518 1634 1602 1682 urbes.

129 1698 255 1749 Cantibus
272 1707 299 1749 et
311 1701 387 1750 viridi
405 1704 527 1748 nutantes
541 1696 636 1745 vertice
650 1697 738 1754 silvas,
775 1715 778 1724 r
871 1695 886 1740 b
912 1690 977 1738 Turn
994 1692 1038 1754 qui
1056 1695 1154 1755 templa
1169 1694 1248 1745 sacris
1265 1698 1402 1746 coluerunt
1415 1712 1492 1748 omne
1506 1716 1554 1765 per
1570 1717 1673 1764 aerurn,

128 1768 241 1831 Hospita
254 1784 328 1819 sacra
346 1769 434 1819 ferens
445 1769 508 1816 uuili
531 1772 672 1815 memorata
696 1764 818 1826 priorum.
914 1757 1068 1825 Delectique
1084 1763 1233 1814 sacerdotes
1246 1766 1272 1813 in
1292 1767 1395 1828 publica
1407 1774 1467 1817 rota
1638 1777 1671 1822 us

128 1837 208 1888 Hunc
218 1839 278 1888 mibi
291 1847 328 1899 tu,
338 1839 444 1898 Caesar,
456 1838 557 1900 patriae
566 1836 738 1898 princepsque
753 1838 887 1895 paterque,
914 1827 1007 1878 Officio
1021 1830 1127 1881 vinxere
1142 1832 1236 1894 deum
1253 1836 1344 1898 quibus
1357 1837 1414 1899 lpsa
1425 1838 1538 1900 potentis

128 1906 181 1958 Qui
195 1909 262 1971 regis
276 1909 391 1972 angustis
403 1914 538 1968 parentem
551 1906 649 1965 legibus
661 1904 759 1961 orbern,
913 1897 1030 1948 Numinis
1041 1902 1160 1952 accendit
1174 1911 1270 1952 castam
1284 1906 1433 1968 praesentia
1446 1915 1569 1969 mentem,

127 1976 334 2041 Concessumque
352 1977 421 2040 putri
435 1974 556 2023 mundum
570 1973 635 2023 deus
648 1972 703 2034 ipse
720 1970 835 2032 mereris,
913 1966 995 2030 Inque
1016 1968 1092 2017 deum
1110 1970 1174 2020 deus
1187 1974 1242 2036 ipso
1256 1974 1313 2023 tulit
1326 1975 1461 2039 potuitque
1474 1977 1604 2028 ministris.

128 2045 183 2094 Das
200 2048 321 2105 animum,
338 2047 455 2107 viresque
468 2043 532 2091 sacis
544 2043 579 2091 ad
596 2040 835 2090 tantecaueudum.
854 2042 885 2087 lo
914 2035 950 2083 Hi
967 2043 1065 2087 tantum
1082 2054 1184 2090 movere
1206 2040 1296 2104 decus,
1310 2044 1436 2107 primique
1455 2059 1502 2107 per
1518 2055 1601 2097 artem

128 2114 185 2163 laur
200 2117 355 2177 propiusque
378 2113 450 2161 lavet
464 2111 573 2159 muudus
586 2108 758 2159 sdutantibus
774 2110 867 2172 ipsum,
912 2104 1045 2163 Sideribus
1064 2108 1152 2158 videre
1165 2113 1236 2173 vagis
1251 2112 1394 2173 pendentia
1409 2110 1473 2162 fata.
1639 2124 1672 2170 bb

128 2183 164 2232 Et
180 2185 253 2245 cupit
267 2183 395 2231 aetherios
418 2194 466 2244 per
483 2180 597 2229 carmiua
615 2178 731 2240 pandere
749 2193 850 2229 census.
911 2174 1018 2235 Sintula
1038 2191 1097 2225 num
1113 2180 1216 2241 proprio
1232 2182 1367 2241 signarunt
1384 2186 1502 2245 tempora
1518 2198 1589 2248 casu,

128 2252 187 2300 Hoc
197 2254 244 2300 sub
261 2267 325 2314 pace
338 2256 415 2301 vacat
427 2255 540 2300 tantum:
550 2250 621 2298 iurat
638 2248 676 2297 ire
691 2263 738 2312 per
750 2250 833 2312 ipsum
912 2243 999 2304 longa
1016 2259 1062 2307 per
1074 2248 1191 2297 assiduas
1204 2250 1332 2311 complexi
1346 2252 1452 2300 saecula
1465 2266 1557 2303 curas:

128 2320 210 2380 Aera,
225 2329 252 2370 et
263 2323 387 2370 immenso
397 2321 553 2381 spatiantem
563 2318 739 2380 rivereooelo,
912 2313 1043 2362 Nascentli
1059 2330 1125 2378 quae
1139 2318 1231 2381 cuique
1245 2319 1311 2380 dies,
1326 2333 1393 2384 quae
1408 2320 1462 2370 vita
1476 2320 1582 2383 suissetq

126 2390 258 2455 dignaque
283 2397 311 2439 et
327 2390 450 2439 adversos
464 2389 597 2437 stellarum
611 2401 718 2437 noscere
736 2402 832 2436 cursus.
852 2391 884 2435 lb
912 2381 942 2430 In
958 2398 1021 2446 quas
1032 2381 1151 2434 fortunae
1169 2387 1240 2448 leges
1251 2403 1368 2452 quaeque
1382 2389 1446 2437 bora
1457 2392 1573 2453 salernu

127 2458 204 2509 Quod
219 2461 298 2509 solum
314 2460 415 2509 noviore
430 2472 521 2520 parum
537 2463 589 2516 est;
608 2458 749 2518 impensius
759 2457 815 2519 ipsa
912 2453 1066 2517 Quantaque
1080 2468 1157 2518 quam
1172 2456 1527 2517 parvifacerentdiscrimina
1540 2467 1672 2513 motunbb

126 2528 200 2578 Scire
210 2530 283 2578 iurat
294 2530 379 2589 magni
395 2529 498 2591 penitus
511 2526 664 2589 praecordia
681 2526 781 2588 mundi,
910 2521 1050 2586 Postquam
1064 2525 1146 2574 omnis
1158 2526 1224 2574 coeli
1237 2527 1347 2590 species,
1363 2525 1532 2578 redeuntibus
1550 2532 1636 2594 utris,

126 2598 237 2662 Quaque
252 2605 327 2662 regat
338 2605 496 2662 generetque
507 2596 559 2646 suis
575 2595 696 2644 animalia
708 2595 786 2657 signis
910 2589 1056 2654 Praecepta
1068 2593 1093 2640 in
1109 2596 1227 2655 proprias
1243 2595 1329 2659 aedes,
1351 2602 1379 2645 et
1400 2596 1503 2646 reddita
1522 2601 1601 2650 certis

126 2666 251 2726 Cernere,
270 2676 297 2717 et
311 2668 337 2716 iu
351 2680 486 2716 numerum
498 2665 603 2714 Phoebo
613 2664 761 2713 modulante
774 2662 883 2714 referre.
911 2659 1032 2708 Fatorum
1043 2661 1174 2711 ordinibus
1188 2679 1234 2713 aua
1249 2665 1342 2729 cuique
1353 2667 1471 2728 potentia
1482 2666 1601 2731 formse;

125 2736 194 2786 Bina
211 2737 271 2786 nrlbi
286 2737 375 2800 positis
396 2738 483 2786 lucent
498 2735 591 2783 altaria
608 2732 735 2793 flammis,
849 2738 883 2783 20
910 2729 962 2777 Per
983 2730 1066 2780 varios
1087 2746 1147 2780 usus
1168 2740 1251 2783 artem
1273 2734 1436 2797 experientia
1453 2733 1524 2796 fecit,

126 2805 235 2856 Adduo
249 2808 345 2869 templa
359 2820 461 2869 precor,
480 2804 577 2866 duplici
593 2802 865 2868 circumdatuaaestn,
911 2798 1035 2860 Exemplo
1047 2808 1206 2851 monstrante
1224 2804 1308 2863 viame
1327 2806 1513 2869 speculataque
1528 2800 1605 2871 longe
1636 2815 1671 2859 od

125 2875 252 2925 Carminis
264 2884 291 2925 et
305 2890 405 2925 rerumc
425 2880 498 2925 certa
512 2887 590 2938 quum
604 2874 662 2933 lege
676 2877 814 2921 canentem
910 2867 1056 2930 Deprendit
1071 2870 1155 2918 tacitis
1166 2871 1326 2922 dominantia
1342 2874 1441 2936 legibus
1455 2882 1536 2936 astra,

124 2944 238 2995 blundus
252 2954 279 2995 et
292 2945 416 2994 immensu
425 2948 511 2994 ratem
523 2942 711 3003 circumstrepit
724 2941 798 3004 orbe,
909 2937 944 2985 Et
956 2943 1038 2986 totum
1056 2939 1158 2989 alterna
1172 2941 1296 2991 mundum
1306 2945 1409 2993 radone
1425 2945 1533 3008 moveri,

124 3014 227 3078 Vixque
244 3017 328 3063 soluta
337 3016 388 3063 suis
403 3014 519 3063 immittit
528 3012 606 3062 verba
620 3011 724 3073 liguris,
909 3005 1084 3071 Fatorumque
1103 3009 1171 3058 vices
1189 3012 1269 3060 certis
1285 3011 1431 3062 discurrere
1450 3014 1528 3076 signis

123 3083 207 3134 Quem
225 3086 333 3147 primum
349 3082 456 3133 inferuis
469 3082 540 3132 licuit
552 3094 709 3144 coguoscere
725 3078 799 3128 terris
848 3085 881 3130 25
908 3074 974 3124 Nm
991 3077 1063 3126 rudis
1076 3084 1137 3126 aute
1152 3079 1209 3129 illos
1222 3081 1291 3130 nullu
1303 3080 1450 3131 dhcdmlne
1463 3084 1525 3133 vita.

123 3152 234 3203 Munera
246 3151 402 3202 coelestum!
421 3153 486 3203 Quis
501 3152 578 3212 enim,
597 3148 767 3230 condeqrtibus
786 3149 845 3211 illis,
908 3142 939 3192 Iu
956 3146 1067 3207 speciem
1085 3161 1221 3210 conversa,
1240 3165 1346 3212 operum
1369 3153 1470 3201 ratione
1485 3153 1600 3216 carebat,
1635 3160 1669 3205 bb

123 3221 264 3285 clepsisset
279 3221 347 3270 furto
367 3221 559 3284 mundum,quo
575 3225 669 3268 cuncta
686 3224 830 3279 regunturt
908 3213 942 3262 Et
956 3213 1103 3276 stupefacto
1121 3231 1187 3266 uoto
1210 3218 1343 3281 pendebat
1354 3221 1449 3269 lumine
1465 3221 1568 3270 mundi:

124 3289 188 3340 Quis
202 3290 270 3339 soret
284 3292 395 3338 burnano
409 3295 516 3338 conatus
530 3295 636 3351 pectore
656 3293 766 3350 tautam,
907 3283 970 3329 Tum
987 3285 1058 3331 velut
1078 3287 1177 3335 amissis
1192 3302 1320 3348 maerens,
1332 3296 1386 3337 tum
1403 3291 1472 3338 laeta
1487 3292 1584 3339 renatis

123 3357 216 3406 Invitis
230 3367 257 3405 ut
277 3359 438 3419 discuperet
453 3356 517 3405 deus
533 3359 587 3419 ipse
605 3355 701 3414 videri3
907 3349 1057 3410 Sideribus;
1081 3355 1215 3416 variosque
1236 3356 1293 3404 dics
1310 3358 1460 3419 incertaque
1472 3359 1554 3408 noctis

123 3427 251 3475 sublimes
264 3427 367 3486 aperire
379 3427 443 3484 rias,
462 3426 591 3488 imumque
602 3425 648 3472 sub
662 3423 761 3485 orbem,
848 3427 881 3473 8⁰
906 3419 1034 3480 Tempora
1046 3434 1096 3469 uec
1108 3422 1204 3471 slmiles
1216 3425 1328 3484 umbras,
1342 3426 1394 3473 iam
1406 3425 1466 3476 Sole
1482 3442 1600 3490 regresso

123 3495 157 3542 Et
171 3494 306 3556 perinane
321 3495 371 3542 suis
387 3495 507 3556 parentia
529 3493 623 3541 finibus
638 3498 718 3552 astra,
908 3486 963 3535 lam
979 3489 1108 3551 propiore,
1126 3491 1179 3538 suls
1191 3499 1293 3553 poterat
1304 3493 1453 3545 discernere
1466 3498 1558 3548 censis,
1635 3505 1669 3550 sp

122 3562 287 3627 Mominaque
301 3569 328 3611 et
339 3577 429 3612 cursus
442 3564 570 3623 signorum
587 3560 703 3623 paudere
720 3559 805 3620 rires3
908 3555 1025 3607 Necdum
1039 3558 1115 3607 etiam
1129 3559 1218 3609 doctas
1235 3563 1349 3612 sollertia
1366 3563 1465 3615 iecerat
1484 3574 1565 3631 artes,

122 3631 206 3681 Maior
219 3633 255 3680 uti
270 3630 350 3680 facies
365 3630 454 3680 mundi
470 3631 547 3690 soret,
565 3637 592 3679 et
605 3628 768 3688 veneranda3
906 3627 1038 3690 Terraque
1052 3629 1098 3676 sub
1113 3628 1218 3679 rudibus
1233 3633 1352 3682 cessabat
1368 3640 1440 3683 rasta
1458 3637 1563 3687 colonis.

121 3701 179 3751 Non
193 3701 293 3763 species
307 3706 417 3760 tantum,
437 3700 484 3751 red
499 3703 595 3763 etipsa
611 3700 727 3761 potentia
742 3712 829 3747 rerum
907 3697 1030 3759 Tuncque
1049 3697 1073 3745 iu
1093 3698 1203 3748 desertis
1221 3701 1354 3752 habitabat
1370 3705 1498 3754 montibas
1517 3721 1617 3771 aurum,

120 3771 305 3836 bentirentque
317 3771 394 3821 deum
409 3779 510 3833 gentes,
525 3785 602 3836 qnam
615 3769 739 3818 maximus
754 3771 881 3818 essettto
909 3764 1084 3830 immotusque
1098 3783 1177 3818 novos
1193 3777 1287 3833 pontus
1309 3772 1470 3824 subduxerat
1486 3777 1570 3825 orbes.

119 3841 159 3890 Tu
179 3842 300 3905 princeps
313 3849 453 3904 auctorque
467 3841 542 3902 sacri,
559 3836 775 3904 Cyllenie,tanti;
909 3834 966 3883 Nec
979 3835 1056 3885 vitam
1071 3840 1175 3901 pelago,
1191 3854 1239 3889 nec
1251 3842 1335 3891 ventis
1350 3842 1459 3893 eredere
1478 3851 1538 3893 rota
1635 3851 1668 3898 τι

119 3910 174 3958 Per
190 3917 215 3959 te
229 3911 279 3960 lam
290 3912 389 3960 coelum
403 3910 519 3972 interius,
533 3911 584 3958 iam
599 3906 685 3957 sidera
700 3912 777 3957 nota:
910 3903 1061 3967 Audebunt,
1075 3922 1102 3957 ιι
1115 3911 1222 3973 quisque
1235 3911 1297 3959 satia
1315 3911 1415 3961 novisse
1433 3913 1570 3975 putabant.

122 3979 155 4028 Et
167 3979 267 4029 Natura
277 3979 351 4029 dedit
367 3981 442 4040 uires,
456 3995 534 4045 aeque
549 3980 605 4042 ipsa
621 3977 734 4036 reclusit,
909 3973 961 4023 Sed
978 3989 1054 4038 quurn
1072 3978 1147 4040 longa
1162 3978 1217 4030 dies
1234 3980 1304 4032 acuit
1321 3981 1439 4030 monalia
1457 3982 1545 4045 corda,

120 4048 231 4112 Regulus
248 4050 346 4100 animos
362 4050 471 4113 primum
490 4050 597 4114 dignata
619 4060 733 4108 movere,
910 4044 944 4093 Et
960 4044 1032 4094 labor
1043 4047 1174 4110 ingenium
1193 4049 1293 4099 miseris
1304 4048 1388 4112 dedit,
1399 4048 1427 4101 'et
1441 4065 1488 4101 sna
1504 4067 1632 4120 quemque
1661 4051 1664 4054 ’

174 4185 256 4230 ldaail.
270 4186 321 4231 bib.
335 4186 353 4240 1,
367 4187 381 4230 b
394 4199 428 4241 aq.
450 4185 569 4235 (lantibus.
588 4184 621 4226 ad
642 4182 687 4226 vir.
701 4202 729 4214 -
741 4181 814 4225 silvas
832 4180 932 4249 lloaplta
951 4179 1030 4225 Beatl.
1052 4195 1099 4227 ee.
1112 4185 1232 4228 Gronovil.
1255 4183 1333 4228 Aliter
1346 4185 1396 4230 late
1425 4187 1527 4242 uagead.
1541 4203 1593 4234 esee
1607 4193 1669 4238 vidit

118 4235 224 4284 fliosber.
270 4243 403 4299 dllesplta,
418 4242 543 4297 peregrina
556 4242 663 4295 (graeca).
717 4235 887 4280 tricoccum
909 4234 968 4291 quod
982 4243 1101 4292 spectaret
1113 4238 1143 4281 ad
1155 4243 1250 4295 priores
1269 4251 1340 4283 versu
1355 4242 1380 4293 ῦς
1398 4198 1557 4299 ¹13„qu
1572 4248 1600 4291 lt.
1641 4252 1668 4293 10

119 4295 209 4336 ιιιιιιι
224 4295 249 4339 Β.
263 4296 354 4342 Daiade
368 4296 450 4340 redurl
465 4295 527 4351 vulg.
542 4308 582 4350 pro
596 4291 713 4346 canenda,
726 4304 855 4358 quanquam
870 4267 896 4334 ld
908 4304 937 4358 er
952 4297 998 4346 opt
1012 4290 1061 4335 cod.
1084 4293 1166 4336 iudea
1185 4294 1304 4348 scaligero
1322 4294 1374 4339 edd.
1388 4296 1486 4341 obtinet.
1525 4301 1551 4344 11
1568 4301 1619 4344 lura

120 4345 185 4390 lavat
199 4350 297 4395 nundus
370 4354 408 4395 ias
422 4351 449 4395 B.
476 4352 574 4406 Propius
588 4355 626 4395 eat
640 4360 784 4404 propensius,
805 4346 897 4390 sublato
911 4359 935 4389 tn
955 4358 1008 4389 eura
1023 4346 1068 4390 lul.
1081 4347 1188 4392 Caesare
1242 4350 1269 4392 12
1283 4349 1314 4392 lit
1327 4352 1401 4406 rapit,
1416 4364 1444 4395 ea
1457 4365 1502 4398 ιι.
1516 4356 1606 4401 lisiade
1620 4317 1667 4403 Γιι

118 4400 183 4445 cedd.
196 4416 286 4450 ιιιιιι.
334 4419 390 4451 ιιιι
402 4410 458 4450 aunt
471 4403 575 4450 divitiae.
629 4404 655 4450 lt
669 4410 749 4447 vacari
764 4404 813 4444 lasa
826 4412 891 4444 asae
905 4400 971 4445 iuvat
984 4400 1021 4448 ire
1034 4414 1077 4457 per
1097 4401 1173 4446 ιὶιιιι
1187 4402 1216 4448 Β.
1268 4405 1295 4448 ts
1313 4404 1424 4460 Quaeque
1438 4407 1502 4452 cedd
1515 4410 1566 4454 R..
1579 4412 1642 4456 san
1660 4445 1667 4458 ,

118 4455 196 4511 Repat
210 4464 307 4504 terrena
322 4460 349 4505 B.
402 4462 430 4505 11
443 4468 509 4504 eerta
522 4466 580 4504 tusa.
600 4458 640 4503 Sic
653 4459 714 4504 ucat.
768 4458 796 4501 11
810 4457 842 4500 lit
856 4458 894 4500 vla
909 4455 964 4500 raibi
980 4458 1087 4523 squerit
1101 4457 1187 4512 verba,
1208 4470 1269 4514 quae
1282 4459 1377 4515 propria
1390 4472 1433 4504 aua
1447 4464 1541 4508 notlnae
1555 4427 1668 4512 solvenda

117 4510 1567 4626 tl·l.·.‘;l!·¹'.u·:1tn·nltltt‘l:tii,t‘ilnll‘lttlt'tttllfritinnit&'‘nuntii'‘
1581 4519 1667 4624 ‘iiii

118 4633 228 4664 vmn·
242 4622 298 4667 orso
311 4624 366 4667 «ιιι
380 4602 501 4670 meir„
514 4626 549 4679 ιι,
562 4600 645 4676 ιιίι,
658 4623 685 4665 ιι
706 4623 740 4675 ιι,
754 4622 789 4673 ιι,
803 4621 839 4674 ιι,
852 4621 887 4673 ιι,
901 4622 935 4673 ιιι
949 4597 1016 4677 q'uem
1031 4621 1076 4665 ιιι
1098 4621 1124 4665 ιι
1145 4623 1317 4676 aquosum:
1342 4624 1401 4677 ιιι
1414 4626 1515 4679 (qutun.)
1528 4607 1574 4671 sis
1587 4631 1667 4688 ru„

116 4677 167 4719 sair
179 4688 223 4729 per
237 4682 351 4732 tempora,
364 4682 460 4735 uenire
475 4687 503 4723 ut
517 4684 597 4722 essent
615 4653 727 4719 drantius
740 4683 763 4718 et
779 4675 864 4718 scandi
871 4677 950 4728 sactes
964 4676 1098 4732 casiamque
1110 4688 1247 4732 ιιιριιιιιι.
1266 4679 1314 4723 llos
1329 4677 1386 4723 duos
1400 4687 1546 4737 nemus-opt.
1561 4685 1625 4731 ssu.
1639 4694 1666 4733 se

118 4730 170 4775 edd.
184 4736 241 4774 vett
256 4744 300 4774 aua
345 4740 456 4778 nonunt:
470 4736 550 4789 ltaque
563 4738 615 4788 post
629 4731 764 4774 stoebernm
779 4730 846 4773 eieci.
862 4730 937 4774 Huius
951 4736 1030 4775 auteur
1043 4731 1147 4775 ordinem
1161 4730 1268 4776 eabibulr
1282 4732 1463 4790 Scaladoptau.
1476 4734 1555 4782 lanae
1583 4741 1658 4796 ΙΝ

116 4785 151 4840 dit
164 4786 198 4838 al,
211 4786 246 4839 28,
258 4745 528 4842 stgaffinmrrogstloals
543 4787 635 4838 finitus,
648 4787 682 4838 b&
695 4786 729 4839 di,
743 4786 779 4835 22.
792 4786 827 4838 31,
840 4785 875 4840 ab,
930 4788 941 4828 t
955 4797 1024 4840 quem
1037 4786 1112 4843 apnrli
1127 4786 1164 4831 lili
1178 4786 1230 4842 das,
1244 4787 1328 4833 deiade
1344 4790 1430 4845 dbrqq.
1442 4789 1471 4833 Β.
1483 4802 1567 4839 nvo·
1580 4773 1668 4841 vens:

115 4841 208 4896 aatiqai
221 4841 310 4885 ordinis
326 4842 361 4891 11,
375 4844 409 4895 10,
423 4843 458 4895 ut,
471 4846 507 4898 tt,
520 4844 556 4894 db,
570 4844 605 4895 tl,
618 4841 646 4885 ab
659 4847 684 4884 et
698 4839 754 4884 dnos
767 4853 782 4883 a
796 4840 860 4884 aubis
875 4846 961 4883 eeetoa
974 4840 1039 4883 obelo
1061 4846 1192 4887 aotamrat.
1246 4845 1274 4887 id
1287 4856 1321 4887 aa
1445 4843 1507 4900 qaod
1519 4845 1550 4893 ds

115 4903 200 4941 astror.
208 4895 294 4940 eborea
301 4897 497 4994 interpretantur.
512 4900 573 4943 linus
587 4896 650 4940 urbia
664 4903 701 4939 est
713 4901 816 4951 systema
830 4895 944 4950 planetar.
957 4896 1074 4950 oppositus
1090 4896 1163 4952 least,
1193 4909 1223 4942 uc
1236 4896 1297 4942 illud
1310 4898 1336 4942 ia
1375 4872 1448 4943 ritir.
1461 4863 1665 5005 ww

1253 4953 1319 4997 rim
1332 4951 1364 4998 id.
1376 4964 1392 4997 ο
1403 4951 1454 4999 Μ.
1603 4972 1666 5011 ιη,

116 4956 154 4994 ιιι
167 4964 193 4995 ιι
207 4951 254 4995 inu
284 4965 313 4994 ue
327 4952 367 4995 orb
377 4965 396 5003 ι,
410 4957 435 4994 ιι
450 4953 526 4997 lasne.
565 4953 593 4996 11
610 4951 756 5006 Nominoque
770 4949 834 4993 eoid.
848 4948 899 4993 Era.
913 4950 974 4994 Scal.
988 4950 1114 5006 amorum,
1542 4971 1591 5019 μ

114 5003 214 5050 Ιιιιιιι
227 5021 247 5051 e.
315 5007 471 5062 Naturaequs
485 5008 550 5051 dedit
563 5012 621 5051 vett.
638 5006 690 5049 edd.
716 5005 742 5050 41
756 5004 784 5049 ll.
796 5005 901 5061 spurina
914 5003 1010 5049 ladicat.
1036 5007 1064 5050 41
1078 4964 1260 5062 Mumfssl,
1273 5019 1289 5051 a
1316 5018 1362 5063 m,
1373 5005 1524 5067 Aethiope..
1560 5014 1591 5048 aa
1603 5016 1666 5056 a..

115 5060 166 5113 ipsso
180 5061 247 5106 deum
262 5062 307 5113 (iia)
322 5061 410 5105 intulit.
437 5061 461 5104 br
477 5064 574 5118 propriu
587 5084 615 5093 -
629 5072 701 5103 causa
714 5060 774 5104 Scal.
788 5073 807 5104 c.
847 5060 876 5103 dd
892 5058 1010 5104 Nosceati
1021 5061 1049 5105 u.
1076 5060 1104 5106 di
1120 5061 1245 5119 Parcepto
1350 5066 1432 5111 rasin
1444 5074 1484 5111 u.
1495 5064 1561 5104 fla-

116 5117 144 5161 82
158 5124 258 5162 aetem
271 5117 332 5161 Seal.
346 5131 366 5162 e.
407 5115 434 5159 ii
448 5116 584 5161 discernere
598 5116 670 5171 signis
683 5114 747 5160 codd.
760 5115 811 5158 En.
824 5114 887 5159 Scal.
915 5114 942 5162 ⁸5
956 5114 984 5162 la
997 5115 1107 5176 rpeiam,
1118 5120 1241 5165 maru!
1253 5128 1304 5165 Μ
1380 5122 1448 5173 m
1458 5130 1485 5171 ιι

118 5183 165 5228 ιιι
178 5171 311 5220 discensio
325 5172 352 5220 b.
394 5172 422 5217 tt
435 5171 478 5219 ssd
491 5173 565 5232 quisq.
578 5178 623 5220 sat.
636 5184 662 5217 ιι
675 5183 743 5218 essse
753 5168 866 5228 pstulat.
1296 5196 1301 5215 .
