3616 5520
164 270 241 378 plu
517 294 550 341 e.
575 293 717 342 ovrnrr
742 292 924 342 ausonis
948 288 1182 339 rnsronunr
1207 288 1288 336 urs.
1313 286 1359 335 rr.

166 465 217 515 iila
234 464 412 529 soporiferum,
431 477 525 529 parvos
543 464 639 514 initura
656 471 777 528 penates,
952 462 1053 527 iupiter
1071 463 1138 511 haue
1157 460 1231 521 lenit,
1242 457 1393 524 tactumque
1412 464 1521 507 exeam
1537 470 1648 511 amore.

200 535 304 596 Colligit
321 535 416 597 agresti
435 536 494 583 lene
510 548 628 597 papaver
645 534 731 609 hqmo.
987 534 1043 581 Nec
1061 546 1142 593 gener
1158 537 1198 578 εει
1213 529 1286 578 uobis
1300 528 1344 577 ille
1358 526 1507 591 pudendos,
1520 528 1567 577 sit.

167 606 234 654 Dum
253 605 324 666 legit,
340 604 417 652 oblite
435 602 518 652 t'ertur
536 612 652 665 gustasse
670 606 768 665 palato,
953 603 1009 650 Nou
1031 617 1079 664 ego
1099 600 1215 649 nobilior.
1252 597 1342 647 Pusita
1362 605 1402 646 εει
1425 597 1485 644 mllu
1502 599 1575 658 regis
1590 599 1667 648 esaie

201 673 367 737 Longumque
392 672 542 735 imprudens
567 672 707 721 exsoluisse
724 670 829 722 famem.
987 669 1107 719 Possidet
1127 671 1194 717 aiter
1208 681 1298 730 aquas,
1315 667 1382 714 alter
1402 665 1480 714 inane
1497 665 1592 716 Chaos.

167 742 242 792 Quae
257 743 316 804 quis
332 743 460 804 principle
476 742 562 804 posuit
573 741 667 789 ieiunia
680 743 772 800 noctis,
877 745 926 790 000
951 738 1004 788 Sed
1023 739 1044 787 si
1060 737 1128 786 forte
1147 737 1193 786 tibi
1209 749 1261 785 non
1279 741 1320 784 εει
1338 734 1461 783 mutabile
1480 740 1580 796 pectus,

200 811 312 872 Tempus
331 811 427 859 habent
447 817 546 872 mystae
565 809 651 859 sidera
668 810 723 858 alsa
740 811 799 859 cibi.
987 808 1095 870 Statque
1111 807 1191 856 semel
1205 805 1285 853 iuncti
1300 816 1422 866 rumpere
1439 803 1523 852 vincia
1541 803 1611 866 tori;

166 879 256 928 Limen
271 885 300 927 ut
315 879 430 939 intravit,
451 880 534 928 luctus
555 877 625 927 ridet
639 879 823 940 omniaplena.
953 878 1011 925 lioe
1026 889 1126 940 quoqne
1148 881 1288 934 tentemus,
1307 871 1433 935 siquidem
1457 872 1544 920 ieiuna
1572 875 1722 928 remam

202 948 257 995 lam
276 961 335 1010 spes
354 948 379 995 in
399 961 480 1010 puero
498 947 569 995 nulla
587 947 676 994 salutls
695 953 761 995 erat.
987 946 1031 993 Sin
1051 945 1145 1003 minus,
1163 942 1256 991 inferni
1274 942 1389 1003 conlegis
1404 952 1469 988 uxor
1481 941 1540 990 erit.

166 1017 254 1066 idstre
272 1018 395 1073 salutata,
414 1024 497 1063 mater
515 1015 645 1064 Metanira
663 1022 779 1077 vocatur,
951 1014 1061 1063 Tartara
1076 1013 1160 1061 iussus
1175 1010 1231 1060 adit
1252 1010 1360 1071 sumptis
1380 1008 1521 1058 Carnutes
1535 1010 1593 1073 slis,
1665 1014 1723 1063 000

202 1086 314 1145 iungere
327 1084 490 1147 dignatusest
510 1099 538 1132 es
558 1085 657 1146 puerile
673 1098 734 1138 sno„
877 1088 926 1132 010
988 1080 1091 1146 Speque
1108 1081 1176 1130 redit
1197 1080 1282 1139 citius,
1296 1080 1401 1141 visaque
1413 1081 1485 1127 certa
1501 1078 1591 1131 retem

167 1155 255 1203 Pallor
266 1153 329 1215 abit,
340 1153 491 1216 subitaeque
507 1153 595 1213 vigent
610 1153 635 1199 iu
652 1167 760 1214 corpore
771 1152 857 1202 vires:
954 1153 1038 1213 Rapta
1062 1152 1152 1208 tribus,
1169 1149 1244 1207 dixit,
1264 1148 1341 1195 solvit
1360 1147 1456 1195 ieiunia
1470 1149 1568 1209 granis,

201 1223 299 1272 Tantus
317 1221 422 1270 coelesti
440 1221 512 1269 venit
531 1222 564 1269 ab
581 1236 626 1270 ore
645 1221 725 1283 vigor.
989 1220 1087 1268 Punica
1103 1233 1170 1282 quae
1182 1219 1207 1265 in
1220 1219 1291 1265 lento
1302 1217 1397 1264 cortice
1415 1229 1492 1278 poma
1511 1221 1612 1280 tegunt.
1674 1261 1681 1277 ,

165 1293 231 1340 Tota
246 1291 336 1339 domus
348 1293 418 1339 laets
430 1297 479 1352 cst,
494 1290 544 1338 hoc
560 1297 600 1340 cst
616 1298 749 1354 materque
765 1295 893 1356 paterque
953 1288 1032 1338 Haud
1051 1303 1126 1336 secus
1142 1287 1260 1345 indoluit,
1275 1298 1349 1348 quam
1362 1285 1385 1333 si
1398 1283 1473 1332 modo
1484 1292 1560 1348 rapta
1577 1284 1684 1348 sabaea

202 1360 340 1423 Nataque:
361 1366 414 1407 tres
433 1359 468 1407 illi
485 1366 540 1408 tota
556 1356 629 1407 suere
645 1357 746 1407 domus.
987 1358 1089 1405 Maesta
1100 1370 1204 1419 parens,
1215 1356 1290 1416 longa
1305 1355 1397 1416 vixque
1412 1352 1512 1402 refecta
1522 1360 1656 1405 mersen.
1664 1359 1723 1406 010

166 1429 230 1478 Mox
248 1431 338 1492 epulas
356 1435 465 1490 ponunt,
489 1425 627 1491 liquefacta
651 1429 759 1489 coagula
781 1429 859 1491 lacte,
878 1434 926 1478 000
954 1425 1041 1490 Atque
1055 1428 1101 1484 ita,
1115 1426 1172 1473 Nec
1186 1424 1258 1472 uobis
1273 1424 1373 1471 coelum
1391 1429 1430 1470 est
1448 1423 1597 1487 habitabile,
1613 1424 1703 1476 diuite

202 1498 344 1560 Pomaque,
363 1503 390 1546 ει
407 1498 432 1544 in
448 1499 514 1546 ceris
527 1511 608 1545 aurea
624 1497 700 1543 mella
718 1497 778 1544 suis.
986 1497 1117 1544 Tuerraria
1136 1493 1216 1556 recipi
1235 1505 1275 1539 me
1294 1505 1394 1554 quoque
1413 1492 1481 1540 salle
1499 1492 1568 1542 iube.

167 1565 290 1616 Abstmet
311 1567 378 1614 alma
396 1565 486 1625 Ceres,
506 1565 638 1628 somnique
652 1578 784 1626 papavera
803 1580 893 1615 causas
953 1566 987 1614 Et
1010 1563 1111 1612 lactura
1128 1561 1191 1622 luit,
1211 1568 1301 1623 pactus
1323 1561 1370 1608 nisi
1394 1559 1496 1622 Iupiter
1511 1566 1591 1626 esset,

202 1636 256 1682 Dat
273 1634 318 1681 tibi
339 1648 396 1681 cum
415 1633 503 1696 tepido
515 1635 582 1680 lacte
604 1632 725 1691 bibenda,
740 1647 813 1695 puer.
988 1633 1032 1680 Bis
1053 1634 1132 1680 tribus
1153 1637 1179 1678 ut
1198 1631 1270 1677 coelo
1293 1630 1421 1676 mensibus
1440 1629 1484 1677 illa
1503 1627 1580 1680 ieret.

167 1702 258 1752 Noctis
270 1708 327 1750 erat
344 1701 467 1762 medium,
482 1702 629 1765 placidique
643 1702 745 1750 silentiu
759 1703 857 1765 somnl;
952 1703 1016 1750 Turn
1026 1701 1130 1750 demum
1141 1701 1288 1761 vultumque
1296 1698 1376 1745 Ceres
1384 1697 1723 1765 arrianumque'recepfflb

201 1771 386 1832 Triptolemum
399 1771 495 1832 gremio
508 1770 611 1818 sustulit
620 1770 663 1817 illa
674 1782 728 1819 sao.
834 1780 840 1791 ’
877 1776 927 1821 000
989 1770 1165 1833 Imposuitque
1185 1781 1247 1815 snae
1266 1768 1353 1828 spicea
1372 1773 1442 1814 serta
1460 1780 1559 1816 comae.

167 1839 271 1903 Terque
283 1852 359 1887 raanu
373 1839 508 1900 permulsit
523 1852 600 1886 eum:
621 1838 669 1886 tris
682 1839 796 1888 carmina
807 1838 892 1901 dixit;
954 1840 1089 1902 laureaque
1111 1836 1231 1901 provenit
1243 1835 1349 1883 cessatis
1368 1835 1457 1883 messis
1472 1836 1497 1883 iu
1515 1837 1593 1901 aruis,

203 1907 325 1956 Carmina
344 1908 444 1955 mortali
461 1916 511 1954 nou
531 1905 670 1956 reserenda
688 1921 759 1969 sono,
988 1908 1021 1956 Et
1039 1910 1083 1955 rix
1104 1913 1240 1966 congestas
1258 1918 1320 1953 ares
1338 1905 1409 1966 cepit
1426 1918 1498 1966 opes.

168 1975 253 2040 lnque
266 1972 323 2024 foce
341 1976 414 2037 pueri
427 1989 520 2038 corpus
535 1976 638 2024 virente
658 1974 747 2025 t‘avilla
953 1976 1022 2027 Alba
1043 1976 1138 2025 decent
1160 1975 1299 2022 Cererem:
1318 1979 1404 2020 restes
1420 1972 1571 2023 Cerealibus
1588 1973 1666 2024 arasa

202 2045 305 2105 Obruit,
324 2044 461 2093 humanam
480 2050 575 2107 purget
593 2049 620 2092 ut
639 2044 705 2106 ignis
721 2058 795 2095 onus.
988 2045 1107 2104 Sumite,
1127 2056 1195 2091 nuuc
1215 2042 1277 2104 pulli
1304 2042 1405 2089 velleris
1425 2056 1484 2090 usus
1511 2043 1594 2093 abest.
1665 2047 1722 2096 m

167 2112 305 2163 Excutitur
324 2126 413 2161 somno
427 2113 506 2161 stulte
521 2113 564 2175 pia
580 2119 672 2173 mater,
686 2120 713 2161 et
725 2126 824 2175 amens,
879 2120 927 2164 ssu
954 2113 1073 2176 Occupat
1088 2112 1193 2175 Apriles
1213 2110 1276 2159 idus
1293 2111 1444 2171 cognomine
1460 2111 1551 2160 Victor

203 2180 272 2232 Quid
287 2180 368 2230 facist
386 2182 529 2242 exclamat;
549 2183 716 2245 membraque
731 2185 764 2231 sb
779 2184 839 2246 igne
851 2184 920 2248 rapit
989 2183 1105 2245 iupiter:
1125 2183 1173 2230 bac
1191 2181 1227 2228 illi
1249 2186 1309 2227 suut
1327 2178 1390 2227 duta
1409 2180 1507 2241 templs
1522 2178 1576 2229 dle.

167 2251 216 2301 Cui
233 2249 293 2313 dea,
308 2251 375 2298 Dum
396 2265 447 2298 nou
462 2265 499 2311 es,
514 2250 590 2312 dixit,
604 2251 731 2299 scelerata
751 2247 839 2302 fuisti:
954 2251 1013 2300 Hac
1030 2266 1142 2315 quoque,
1158 2249 1184 2296 ui
1199 2246 1283 2307 fallor,
1305 2248 1399 2310 populo
1424 2246 1572 2310 dignissima
1591 2254 1685 2301 mito

203 2319 282 2368 irrita
302 2323 419 2367 materno
437 2325 497 2368 sunt
514 2333 573 2368 mea
591 2319 660 2368 dona
678 2327 758 2369 ruetu.
991 2321 1064 2370 Atria
1086 2320 1201 2368 Libertas
1220 2317 1306 2379 coepit
1325 2317 1421 2365 hahere
1439 2330 1495 2366 sua.
1722 2378 1725 2383 Α

167 2388 223 2437 iste
234 2386 338 2451 quidem
353 2389 466 2437 mortalis
481 2389 544 2437 erit:
564 2388 720 2450 sedprimus
738 2389 831 2451 arabit,
954 2390 1024 2439 Luce
1043 2397 1163 2438 secutura
1177 2392 1246 2436 tutos
1258 2391 1328 2448 pete,
1344 2385 1441 2444 navita,
1459 2391 1564 2448 portas:
1666 2382 1722 2439 000

202 2456 236 2504 Ει
251 2462 329 2515 seret,
354 2463 381 2505 ει
399 2459 469 2505 culta
493 2457 609 2519 praemia
628 2459 702 2507 tollet
722 2458 808 2508 humo.
880 2463 930 2507 000
990 2459 1092 2505 Ventus
1109 2459 1142 2505 ab
1162 2469 1254 2504 occasu
1277 2452 1403 2514 grandine
1417 2453 1506 2503 mistus
1518 2455 1577 2505 erit.

167 2524 255 2584 Dixit,
276 2532 302 2572 et
320 2524 457 2585 egrediens
475 2526 569 2574 nubem
589 2526 677 2586 trahit,
691 2527 769 2589 inque
786 2527 913 2577 dracones
955 2527 1067 2585 Scilicet,
1082 2533 1109 2573 ut
1126 2524 1213 2584 fuerit,
1235 2529 1322 2572 tamen
1345 2523 1393 2571 hac
1405 2523 1565 2572 Mutinensia
1581 2523 1686 2575 Caesar

201 2593 313 2653 Transit,
333 2599 360 2640 et
378 2592 474 2653 aligero
493 2595 590 2641 tollitur
607 2609 657 2641 axe
676 2593 765 2644 Ceres.
990 2595 1124 2644 Grandine
1143 2593 1234 2641 militia
1253 2590 1369 2640 contudit
1388 2604 1459 2639 arma
1476 2604 1532 2641 sna.

169 2661 267 2710 Sunion
287 2660 442 2722 expositum,
460 2660 606 2724 Piraeaque
625 2667 681 2709 tuts
699 2677 802 2712 recessu
954 2664 1043 2713 Tertia
1059 2670 1117 2725 post
1132 2661 1244 2709 Veneria
1264 2674 1341 2723 quum
1357 2661 1400 2707 lux
1416 2661 1559 2710 surrexerit
1573 2660 1648 2726 Idus,

204 2728 316 2791 Linquit,
337 2734 364 2776 et
382 2728 407 2776 in
427 2727 547 2778 dextrum
561 2743 628 2792 quae
642 2730 709 2778 lacet
723 2745 769 2779 ora
784 2733 861 2780 latus.
990 2731 1131 2781 Pontifices
1148 2730 1224 2780 forda
1242 2743 1317 2778 sacru
1334 2729 1408 2777 litate
1427 2729 1501 2778 bore.
1666 2734 1724 2783 000

167 2796 238 2847 illuc
252 2797 448 2857 iultAegueunr,
459 2796 643 2861 quoCycladas
657 2797 930 2861 adspicitemnes5565
956 2801 1043 2850 Forda
1058 2799 1144 2849 ferens
1165 2801 1209 2847 hos
1232 2804 1272 2846 εει
1288 2794 1462 2860 secundaque,
1477 2798 1546 2847 dicta
1562 2796 1684 2850 ferendo.

203 2865 354 2927 Ioniumque
373 2879 464 2927 rapax,
482 2867 645 2929 Icariumque
663 2869 735 2929 legit.
992 2870 1062 2918 Hinc
1080 2870 1157 2918 etiarn
1176 2865 1245 2916 setus
1264 2879 1356 2914 nomeu
1374 2866 1472 2914 habere
1490 2873 1593 2930 putant.

168 2933 272 2997 Perque
290 2935 366 2982 urbes
385 2933 465 2983 Asiae
479 2936 581 2996 longum
602 2935 668 2996 petit
685 2937 896 2998 llellespontum,
956 2938 1033 2987 Nunc
1053 2937 1187 3000 gravidum
1208 2948 1286 2998 pecus
1307 2941 1360 2984 est:
1380 2934 1504 2998 gravidae
1527 2949 1596 2985 nunc
1617 2938 1724 2990 supina

204 3003 391 3067 libertumque
410 3003 471 3050 locis
487 3005 543 3052 alta
560 3008 681 3066 pererrat
699 3004 756 3052 iter.
1048 3024 1053 3034 ·
1386 3012 1489 3064 terrae3

169 3071 236 3120 b'am
259 3072 335 3120 modo
350 3072 472 3133 turilegos
488 3073 599 3129 Arabas,
614 3071 688 3121 modo
705 3073 817 3135 despicit
833 3072 929 3133 indos3
953 3087 955 3089 ’
988 3073 1085 3122 Telluri
1104 3074 1198 3136 plenae
1218 3073 1319 3121 victima
1335 3073 1414 3135 plena
1433 3072 1520 3122 datur.
1666 3122 1670 3129 ,

204 3139 274 3190 ilinc
286 3141 373 3202 Libys,
383 3141 441 3188 hinc
452 3141 553 3200 hieroez
566 3141 684 3204 siccaque
696 3148 766 3190 terra
776 3143 871 3190 subest.
882 3147 930 3191 070
956 3144 1021 3191 Pars
1035 3141 1105 3191 eadit
1121 3157 1181 3192 arce
1198 3142 1282 3191 loris:
1302 3148 1342 3190 ter
1361 3141 1443 3189 denas
1462 3142 1541 3190 Curis
1557 3154 1648 3192 taccu
1667 3145 1723 3194 000

169 3208 245 3258 Nunc
259 3209 315 3259 adit
329 3209 481 3273 Hesperios,
501 3211 629 3268 Rhenum,
647 3210 861 3275 Rhodanumque,
880 3212 931 3260 Pa·
991 3211 1103 3273 Accipit,
1122 3218 1149 3261 ει
1167 3214 1239 3272 largo
1258 3226 1347 3272 sparsa
1365 3224 1456 3258 cruore
1475 3211 1571 3260 madet.

598 3280 719 3342 dumque,
957 3281 1007 3330 Ast
1019 3281 1060 3328 uhi
1078 3281 1217 3328 uisceribus
1231 3280 1324 3328 vitulos
1338 3293 1450 3342 rapuere
1461 3280 1578 3341 ministri,

202 3348 291 3411 Teque
311 3344 396 3396 soture
414 3361 518 3410 parens,
541 3348 647 3411 Thybri,
668 3349 780 3410 potentis
802 3363 895 3414 aquae.
991 3349 1119 3412 Sectaque
1139 3349 1241 3397 t'urnosis
1261 3354 1322 3397 exta
1340 3348 1439 3396 dedere
1457 3347 1537 3408 iocis3

168 3417 226 3467 Quo
248 3415 334 3466 ierorl
352 3417 503 3465 immensum
520 3423 560 3465 est
578 3424 676 3466 erratas
692 3417 778 3467 dicere
796 3424 893 3471 terras:
956 3420 1021 3483 igne
1039 3425 1139 3466 cremat
1156 3420 1258 3476 vitulos,
1276 3431 1342 3480 qnae
1360 3423 1422 3465 nutu
1442 3419 1552 3466 maxima
1570 3417 1652 3484 Virgo
1667 3424 1725 3482 est,

203 3485 365 3534 Praeteritus
383 3486 473 3534 Cereri
491 3488 575 3534 nullus
594 3487 618 3534 in
638 3488 700 3535 orbe
721 3488 799 3537 locus.
991 3487 1059 3535 unce
1078 3488 1149 3534 Palis
1168 3488 1275 3549 populns
1294 3493 1388 3549 purget
1406 3492 1433 3533 ut
1451 3486 1495 3534 ille
1513 3487 1586 3536 cinis.
1667 3491 1724 3539 000

168 3554 246 3603 Errat
260 3562 286 3603 ει
304 3555 328 3602 is
345 3557 427 3615 coelo,
440 3555 580 3620 liquidique
597 3557 720 3605 immunia
736 3557 809 3619 ponti
880 3561 929 3606 070
956 3558 1028 3617 Rege
1048 3557 1141 3615 Numa,
1159 3554 1244 3605 fructu
1264 3568 1314 3603 non
1334 3553 1510 3617 respondente
1530 3556 1620 3618 labari,

204 3623 351 3686 Alloquitur
369 3623 454 3686 gelide
473 3627 590 3685 proxima
609 3625 681 3688 signa
699 3627 773 3688 polo:
990 3626 1068 3673 irrita
1088 3625 1192 3686 decepti
1212 3630 1271 3672 rota
1290 3624 1397 3671 colentis
1416 3629 1501 3672 erant.

168 3691 340 3740 Parrhasldes
356 3693 457 3751 stellae,
477 3706 588 3754 uanique
600 3695 686 3741 omnia
703 3708 778 3742 nosse
794 3695 913 3757 potestis,
956 3695 1022 3742 liam
1038 3693 1113 3741 uredo
1129 3694 1210 3741 siccus
1226 3698 1284 3741 erat
1298 3692 1389 3755 gelidis
1411 3691 1580 3755 Aquilonibus
1598 3704 1705 3757 auum

205 3759 357 3823 Aequorcaa
380 3773 511 3822 nunquam
527 3774 605 3823 quum
627 3761 740 3810 subeatis
762 3776 859 3827 squas:
991 3764 1066 3810 Nunc
1084 3775 1147 3824 ager
1163 3762 1267 3810 assidua
1284 3761 1431 3809 luxuriabat
1452 3775 1527 3824 aqua.

169 3828 356 3892 Persephonen
377 3829 487 3876 miserae
502 3835 588 3876 nutam
609 3835 750 3878 monstrate
766 3832 877 3892 parenti.
955 3830 1040 3894 Saepe
1057 3831 1139 3880 Ceres
1155 3829 1382 3894 prinrisdomiunm
1395 3828 1502 3877 fallebat
1516 3830 1541 3878 iu
1557 3828 1653 3894 herbis,
1665 3832 1724 3883 000

205 3897 324 3944 Dixerat.
367 3896 435 3946 lluic
454 3897 547 3945 Helice
567 3897 629 3945 talia
648 3900 727 3945 rerba
747 3899 843 3948 ret’ert:
880 3907 930 3950 080
991 3901 1101 3949 Etleris
1118 3901 1221 3949 obsesso
1241 3900 1327 3946 stabat
1341 3912 1423 3946 avens
1443 3900 1515 3958 solo,
1704 3906 1711 3921 '

170 3965 284 4014 Crimine
303 3979 354 4013 nex
370 3979 453 4015 vacua
469 3971 518 4014 est.
554 3965 640 4013 Solem
658 3965 691 4014 de
706 3967 804 4029 virgine
819 3979 895 4032 rapta
956 3969 989 4017 Bt
1008 3984 1086 4031 pecus
1105 3976 1166 4018 ante
1185 3969 1254 4017 diem
1273 3973 1361 4031 partus
1381 3966 1477 4016 edebat
1494 3966 1611 4031 acerbos,

206 4034 328 4095 Consule,
348 4035 391 4098 qui
410 4038 462 4083 late
479 4034 548 4082 lacis
565 4033 657 4082 diurna
677 4035 756 4085 vitiet.
991 4038 1120 4102 Agnsque
1139 4037 1271 4086 nascendo
1290 4051 1369 4099 saepe
1388 4034 1497 4084 necabat
1517 4050 1602 4086 ovem.

171 4103 214 4151 Sol
230 4101 324 4163 aditus,
338 4101 423 4154 Quam
439 4104 549 4167 quaeris,
562 4105 607 4164 alt,
620 4118 653 4152 ne
672 4119 738 4153 vsua
754 4105 865 4168 labores,
956 4108 1027 4156 Silua
1051 4117 1133 4165 retus,
1152 4107 1274 4169 nullaque
1293 4106 1337 4154 din
1359 4105 1451 4153 uiolata
1471 4105 1554 4154 securi

207 4172 296 4234 Nupta
308 4171 377 4220 lovis
392 4171 465 4222 fratri
483 4174 561 4221 tertia
577 4188 657 4235 regns
677 4179 759 4222 tenet.
989 4177 1091 4232 Stabat,
1110 4174 1241 4222 Maenalio
1259 4189 1333 4222 sacra
1352 4175 1441 4222 relicta
1459 4173 1519 4223 deo.
1668 4176 1725 4226 000

170 4240 270 4290 ussus
286 4240 329 4290 diu
344 4255 430 4290 secum
449 4242 484 4290 sic
502 4247 542 4290 est
564 4241 643 4290 allata
655 4242 810 4303 Tonantem,
880 4249 930 4294 sss
955 4244 1005 4292 lile
1024 4245 1104 4293 dabat
1122 4243 1207 4291 tacitis
1225 4244 1310 4290 animo
1329 4257 1452 4305 responsa
1471 4242 1558 4306 quieto

205 4309 372 4373 Maximeque
390 4311 415 4358 in
435 4311 504 4357 vultu
525 4311 596 4371 signa
615 4310 727 4360 dolentis
750 4318 841 4362 crant:
990 4314 1125 4362 Noctibus.
1161 4312 1213 4359 llic
1231 4313 1346 4372 geminas
1364 4326 1411 4360 rex
1430 4311 1515 4360 Nurns
1532 4315 1631 4358 mactat
1648 4326 1726 4365 ores.

171 4378 198 4427 Si
211 4393 308 4426 memor
326 4392 363 4440 es,
377 4377 411 4425 de
429 4392 478 4440 que
491 4379 550 4425 milri
564 4379 598 4426 slt
614 4379 771 4442 Proserpina
788 4386 860 4432 ιεειε.
955 4382 1043 4430 Prima
1059 4381 1130 4430 cadit
1145 4381 1252 4439 Fauno,
1266 4381 1317 4429 leui
1333 4380 1403 4430 cadit
1416 4382 1501 4428 altera
1515 4379 1621 4428 Somne.

206 4444 345 4495 Dimidium
357 4460 435 4493 curae
450 4445 530 4494 debet
552 4447 648 4495 habere
663 4455 734 4498 tuac.
990 4450 1121 4498 Sternitur
1132 4449 1158 4496 in
1172 4448 1238 4498 duro
1255 4451 1337 4498 vellus
1350 4456 1487 4514 utrumque
1503 4450 1565 4497 solo.

169 4516 241 4565 Orbe
260 4520 403 4578 pererrato,
422 4516 475 4562 sola
495 4520 534 4563 est
552 4516 644 4564 iniuria
663 4515 725 4565 iacti
955 4518 1000 4566 Bis
1018 4523 1096 4580 capnt
1116 4519 1244 4567 intensum
1264 4518 1371 4568 fontana
1386 4519 1515 4580 spargitur
1531 4515 1617 4577 unda,
1667 4522 1724 4570 000

204 4585 329 4646 Cognita
348 4583 475 4631 commissi
491 4585 606 4645 praemla
625 4592 715 4648 raptor
738 4585 825 4636 babet.
880 4591 930 4636 500
991 4588 1036 4636 Βίε
1055 4599 1101 4635 sna
1119 4585 1222 4647 faginea
1241 4595 1357 4650 tempora
1375 4586 1469 4635 froude
1488 4587 1593 4649 premit.

171 4652 207 4701 Λι
221 4668 304 4717 neque
320 4651 489 4714 Persephone
512 4651 590 4712 digna
606 4659 646 4701 est
660 4654 792 4717 praedone
811 4656 913 4719 marito,
956 4656 1022 4704 Usus
1041 4657 1116 4705 abest
1129 4656 1257 4706 Veneris:
1275 4672 1323 4705 nec
1335 4656 1375 4704 fas
1391 4657 1511 4704 animalis
1526 4653 1622 4704 menrb

206 4722 263 4771 Nec
278 4736 360 4784 gener
374 4721 423 4770 hoc
439 4720 512 4768 nobis
526 4735 596 4769 more
610 4722 742 4784 parandus
759 4731 825 4773 erat.
990 4724 1112 4783 Ponere,
1132 4739 1180 4772 nec
1195 4724 1281 4788 digitis
1301 4726 1411 4772 annulus
1425 4727 1491 4772 ullus
1510 4725 1586 4773 inest.

170 4789 239 4839 Quid
260 4791 362 4853 gravius
385 4792 484 4839 victore
502 4787 561 4852 Gya
580 4791 683 4852 eaptisa
701 4793 827 4852 tulissem,
955 4793 1036 4842 Veste
1054 4792 1112 4843 rudi
1132 4801 1228 4843 tectum
1247 4806 1324 4856 supra
1343 4807 1408 4841 nova
1428 4795 1526 4841 uellera
1544 4804 1638 4855 corpus

206 4858 289 4908 Quam
305 4873 383 4920 nnnc,
398 4866 425 4909 te
440 4857 505 4908 coeli
518 4864 622 4922 sceptra
636 4866 753 4920 tenente,
767 4862 833 4911 tulit
990 4862 1076 4921 Ponit,
1095 4863 1205 4912 adorato
1223 4877 1270 4925 per
1288 4875 1332 4910 sus
1353 4864 1432 4910 rerba
1451 4861 1511 4910 dee.
1668 4862 1723 4911 000

171 4924 472 4989 Verumirrrpnueierst3
493 4928 929 4990 norhaecpsriammtnottaezstts
955 4931 1061 4980 interes
1081 4932 1209 4994 placidam
1229 4930 1348 4979 redimita
1367 4938 1501 4993 papavere
1518 4928 1630 4979 frontem

207 4993 321 5057 lieddat,
339 5004 367 5047 et
383 4997 505 5048 emendet
523 4995 592 5047 iacta
610 4998 697 5059 priora
715 4999 796 5049 novis.
991 5000 1048 5049 liox
1069 5003 1148 5061 uenit,
1167 5008 1194 5050 et
1211 5014 1297 5049 recum
1317 5001 1414 5049 somnia
1433 5001 1506 5062 nigra
1532 5000 1621 5048 trahit.

224 5112 265 5155 000
282 5112 395 5169 rusum.
443 5118 484 5162 000
499 5119 522 5161 la
537 5119 627 5162 meria
641 5130 662 5160 s.
677 5130 706 5160 ra.
718 5120 790 5171 susis.
844 5122 884 5164 000
901 5121 967 5176 (luce
981 5120 1045 5166 codd.
1071 5119 1118 5164 issu
1134 5121 1220 5180 serug.
1234 5119 1400 5168 assesdsssrst
1414 5123 1471 5178 (ige.
1485 5120 1513 5166 V.
1526 5119 1556 5164 sd
1572 5120 1629 5166 liar.
1643 5120 1722 5167 carn.

170 5168 200 5220 ll,
215 5169 248 5220 li,
263 5169 295 5212 ll.
335 5171 375 5214 su
389 5184 403 5215 a
417 5172 557 5219 trvsnusts
568 5172 672 5243 wellen
684 5175 808 5221 ssmtltslt
821 5177 852 5223 li·
867 5176 905 5221 00
919 5166 985 5231 tear,
1001 5183 1027 5222 st
1041 5177 1113 5221 luant
1127 5177 1159 5221 al.
