3586 5498
170 276 247 350 mo
353 300 386 348 P·
409 300 556 359 ortus!
578 297 763 351 aarum
787 301 1105 351 EPISTDMDDM
1130 299 1184 348 nx
1208 299 1357 347 PDMD
1382 299 1468 348 111!-
1494 298 1553 349 m·

170 471 330 535 Telegonive
348 486 444 535 parens
463 470 597 520 tenendis
614 469 789 537 natstlgnrls,
959 471 1046 535 thue
1065 470 1146 533 magis
1164 470 1234 521 cauti
1251 475 1359 534 pessum
1376 468 1519 534 timidique
1543 471 1654 539 videri,
1712 498 1716 505 ·

207 542 315 590 Nexore
332 540 443 589 nodosas
461 554 546 602 angue
563 540 675 588 Medusa
693 555 793 591 comas:
992 541 1035 589 Sic
1053 541 1180 602 appellari
1198 553 1249 588 non
1269 552 1388 587 meruere
1407 540 1483 588 mali.
1714 549 1744 595 aa

171 610 279 660 Femina
298 609 342 658 sed
362 611 492 671 princeps,
512 610 537 657 in
556 624 607 672 qua
626 610 742 658 Fortuna
757 611 846 659 videre
884 615 932 660 12⁵
959 607 996 657 hs
1015 623 1086 657 meus
1107 616 1215 656 excusat
1233 622 1306 657 caros
1326 608 1361 656 ita
1378 606 1481 657 nudor
1501 609 1627 675 amieos,
1784 608 1785 618 ¹

207 679 241 728 Se
259 679 360 744 probat,
379 685 405 727 et
423 693 517 727 caecae
536 679 643 726 crimina
661 676 728 726 falsa
747 680 814 728 tulit.
994 678 1080 740 thue
1098 678 1213 725 habeant
1230 677 1265 725 de
1284 691 1325 725 me
1342 676 1452 725 crimina
1471 680 1565 740 nulla,
1593 679 1684 734 favet.
1783 686 1785 762 Ι

172 749 231 799 Qua
250 748 313 795 nihil
331 748 355 795 in
376 749 461 808 terris,
480 746 513 794 ad
533 746 610 794 tinem
630 747 689 794 solis
709 748 741 794 ab
759 755 828 809 ortu,
958 746 1015 794 Sint
1033 748 1081 793 hac
1100 746 1215 794 contenti
1235 747 1319 806 venia,
1340 744 1501 809 signentque
1521 748 1637 815 licebit,

207 818 317 874 Clarius,
337 824 447 876 excepto
467 815 590 876 Caesare,
609 814 719 862 mundus
738 817 826 865 habet.
992 815 1102 873 Purgari
1120 813 1215 862 sactum
1235 829 1276 862 me
1294 828 1394 876 quoque
1414 820 1487 863 teste
1509 830 1610 869 suum.
1708 877 1711 881 ⁴

170 886 265 947 Eligito
284 893 394 945 tempus,
412 889 544 946 captatum
563 899 651 945 saepe,
668 884 786 947 rogandi,
959 885 1023 932 Pars
1041 884 1102 932 estis
1122 886 1196 945 pauci
1215 885 1308 945 potior,
1327 883 1371 945 qui
1389 884 1469 932 rebus
1489 885 1519 932 irs
1541 889 1620 936 artis
1715 896 1743 943 n

207 955 291 1002 Exeat
310 953 421 1001 adversa
440 968 472 1000 ue
493 961 536 1000 tua
555 954 628 1000 navis
646 967 722 1014 aqua.
883 956 932 1004 lto
992 954 1073 1001 Ferre
1091 953 1152 1000 mihi
1170 954 1266 1000 nullam
1285 958 1361 1012 turpe
1380 953 1497 1013 putastis
1518 969 1620 1016 opem

171 1022 228 1073 Non
249 1037 352 1083 semper
370 1035 456 1069 sacras
476 1021 589 1068 reddunt
607 1021 711 1069 oracula
729 1025 821 1082 sortes,
957 1022 1029 1069 Tunc
1047 1021 1123 1082 igitur
1142 1021 1226 1069 meriti
1246 1021 1368 1068 morietur
1386 1022 1474 1081 gratia
1496 1026 1601 1087 vestri,

206 1091 320 1154 Ipsaque
340 1104 390 1138 uon
409 1089 478 1138 omui
498 1096 616 1151 tempore
634 1088 696 1138 fanu
714 1096 814 1152 patent.
992 1093 1078 1140 Quum
1097 1090 1161 1138 cinis
1179 1091 1314 1151 absumpto
1332 1104 1440 1150 corpore
1460 1089 1559 1141 faetus
1588 1108 1652 1145 ero.

170 1159 257 1210 Quum
271 1166 353 1207 status
367 1158 444 1206 Urbis
458 1158 516 1218 erit,
532 1159 632 1221 qualem
653 1173 721 1206 nunc
736 1173 848 1220 auguror
866 1173 932 1220 esse,
958 1160 1052 1217 rarior,
1068 1163 1094 1205 et
1112 1159 1155 1206 illa
1171 1173 1245 1205 meae
1260 1159 1394 1220 superabit
1414 1163 1546 1220 tempora
1575 1164 1668 1216 vitae.

206 1228 240 1277 Et
257 1229 341 1276 nullus
359 1227 446 1289 populi
464 1228 601 1275 contrahet
619 1240 664 1274 ora
682 1226 775 1287 dolor;
992 1229 1019 1275 Si
1032 1233 1118 1275 tamen
1133 1243 1149 1274 a
1168 1227 1274 1275 memori
1288 1226 1439 1288 posteritate
1458 1229 1553 1290 legar.
1716 1240 1743 1286 aa

170 1297 258 1347 Quum
276 1296 367 1345 domus
385 1295 506 1358 Augusti,
525 1294 636 1358 Capitoli
655 1310 726 1344 more
745 1295 863 1355 colenda,
883 1299 931 1345 135
957 1298 1073 1358 Corpora
1087 1295 1217 1344 debentur
1235 1297 1339 1344 maestis
1354 1298 1506 1357 exsanguia
1532 1299 1648 1353 bustis:

205 1366 297 1426 Laeta,
316 1365 383 1429 quod
406 1373 455 1426 est,
474 1373 502 1413 et
518 1365 560 1424 sit,
579 1365 708 1427 plenaque
727 1365 798 1426 pacis
816 1365 879 1425 erit,
994 1364 1128 1425 Eil'ugiunt
1140 1370 1252 1413 structos
1268 1377 1361 1412 nomen
1378 1365 1521 1428 honorque
1543 1383 1644 1431 regua,

167 1433 241 1484 'fune
260 1435 315 1494 tibi,
334 1435 361 1482 di
378 1432 484 1494 faciant,
502 1433 617 1482 adeundi
635 1435 709 1495 copia
730 1432 785 1494 liat,
957 1434 1061 1484 Occidit
1081 1437 1108 1481 et
1120 1434 1246 1494 Theseus,
1264 1439 1291 1480 et
1307 1433 1349 1495 qui
1365 1435 1507 1484 comitavit
1522 1435 1675 1503 Oresten

205 1502 359 1552 Proiectum
377 1502 473 1565 aliquid
493 1509 554 1550 tunc
573 1509 618 1550 tua
636 1504 716 1550 rerba
734 1507 806 1564 puto.
991 1502 1044 1551 Sed
1060 1509 1146 1550 tamen
1163 1503 1187 1549 in
1204 1500 1296 1550 laudes
1308 1502 1372 1549 ririt
1386 1508 1505 1565 uterque
1518 1519 1601 1556 suaa.

170 1572 198 1621 Sl
213 1571 274 1634 quid
289 1577 351 1632 aget
365 1572 457 1630 maius,
476 1569 552 1618 differ
568 1575 613 1619 tua
628 1577 730 1633 coepta,
747 1583 863 1634 caveque
956 1571 1010 1619 Vos
1027 1572 1106 1619 etiam
1121 1571 1172 1619 seri
1186 1571 1329 1619 laudabunt
1341 1585 1419 1632 saepe
1431 1579 1567 1637 nepotes,
1717 1583 1744 1628 ts

204 1641 283 1703 Spem
302 1639 448 1689 festinando
466 1641 638 1702 praecipitare
660 1654 753 1687 meam.
883 1642 932 1687 lte
991 1641 1119 1702 Cinnaque
1135 1641 1185 1688 erit
1196 1640 1298 1701 scriptis
1312 1640 1394 1702 gloria
1411 1647 1508 1689 restra
1522 1645 1610 1695 meis.

170 1710 228 1758 Nec
245 1724 332 1758 rursus
350 1709 435 1768 iubeo,
453 1707 515 1756 dum
534 1709 568 1756 sit
586 1709 746 1768 vacuissima,
764 1721 890 1770 quaeras:
956 1710 1007 1757 Hic
1020 1724 1120 1772 quoque
1132 1710 1300 1757 Sauromatae
1314 1723 1357 1756 vos
1370 1708 1421 1756 iam
1441 1724 1553 1761 novere
1573 1714 1731 1783 Getaeque,

205 1778 325 1839 Corporis
342 1777 376 1825 ad
395 1776 491 1825 cultum
510 1777 553 1824 vix
572 1783 648 1825 vacat
666 1778 709 1824 illa
728 1777 774 1824 sui.
991 1778 1024 1825 Et
1037 1779 1102 1825 tales
1125 1779 1224 1826 animos
1243 1777 1353 1825 barbara
1363 1777 1441 1825 turba
1456 1782 1587 1841 probata

170 1845 249 1894 Curia
267 1860 344 1909 quum
363 1845 479 1907 patribus
496 1843 576 1893 inerit
593 1847 688 1906 stipata
706 1842 837 1906 verendis,
956 1847 1092 1909 (tuumque
1109 1860 1157 1906 ego
1184 1846 1217 1894 de
1236 1853 1322 1894 vestra
1339 1859 1423 1907 nuper
1449 1851 1603 1910 probitate
1619 1854 1743 1906 nsum

204 1914 257 1962 Per
276 1929 361 1961 rerum
380 1914 480 1961 turbem
499 1918 527 1960 tu
546 1927 647 1977 quoque
665 1921 768 1975 oportet
787 1928 840 1962 eas.
990 1915 1074 1975 (Nam
1091 1914 1170 1963 didici
1190 1915 1281 1964 Getice
1300 1914 1505 1979 Sarmaticeque
1528 1921 1610 1985 loqui
1620 1922 1655 1985 t),
1717 1930 1745 1975 aa

168 1983 255 2034 Quum
275 1982 320 2031 tibi
337 1982 475 2044 contigerit
493 1983 590 2029 ruitum
608 1982 714 2030 lunonis
733 1982 815 2042 adire,
880 1984 929 2030 ltu
955 1985 1034 2032 Forte
1047 1998 1127 2031 senex
1143 1983 1257 2047 quidam,
1271 1991 1346 2032 coetu
1365 1997 1445 2047 quam
1464 1993 1566 2038 staret
1581 1991 1612 2040 lu
1627 1995 1685 2058 tito,

203 2052 257 2100 Fac
271 2054 305 2101 sis
323 2066 459 2114 personae,
477 2066 553 2115 quam
569 2056 669 2113 tueare,
688 2065 793 2099 memor.
990 2052 1115 2100 Reddidit
1130 2053 1279 2101 adnostros
1297 2053 1359 2100 talia
1379 2053 1463 2101 rerba
1486 2069 1598 2110 eonon

168 2120 225 2169 Nee
236 2120 332 2169 laetum
346 2118 460 2169 deiende
472 2134 572 2168 meum:
591 2121 659 2169 mala
670 2135 747 2168 causa
759 2117 859 2168 silenda
873 2125 928 2179 est;
954 2121 1008 2170 Nos
1020 2136 1121 2184 quoque
1135 2122 1262 2170 amicitiae
1274 2135 1367 2168 nomeu
1389 2120 1458 2170 bene
1471 2127 1624 2193 norimus,
1649 2132 1747 2196 haqes,

203 2189 247 2238 Nil
267 2190 315 2238 uisi
334 2190 458 2239 sollicitae
476 2189 528 2237 siut
546 2194 591 2236 tua
610 2190 689 2237 rerba
706 2204 807 2251 preces.
990 2190 1060 2238 Quos
1075 2192 1164 2252 procul
1179 2205 1195 2238 a
1211 2191 1281 2237 robis
1299 2188 1407 2251 frigidus
1419 2188 1495 2239 Ister
1511 2195 1618 2248 habet.

166 2258 240 2307 'lune
249 2259 360 2307 lacrimis
372 2255 502 2307 demenda
511 2272 583 2305 moro
595 2263 644 2318 est,
658 2258 833 2321 submissaque
842 2263 928 2305 terrae
955 2259 1000 2306 Est
1014 2260 1083 2306 locus
1097 2260 1121 2306 ln
1138 2258 1253 2320 Scythia,
1265 2259 1363 2306 Tauros
1377 2258 1472 2307 dixere
1501 2265 1635 2332 priores,
1718 2274 1748 2320 ts

202 2327 245 2375 Ad
264 2342 314 2375 uun
334 2327 456 2376 mortales
475 2327 579 2375 brachia
598 2327 678 2374 tende
696 2328 787 2389 pedes.
880 2328 929 2372 15⁰
989 2327 1039 2377 Oui
1057 2327 1149 2375 Getica
1167 2329 1304 2389 longenou
1321 2327 1357 2375 ita
1374 2327 1457 2377 distat
1472 2329 1578 2384 humo.

165 2396 240 2445 'l'uuc
257 2402 317 2458 pete
334 2397 370 2444 nll
386 2396 466 2457 eliud,
487 2410 564 2444 saevo
582 2397 630 2444 nisi
646 2397 678 2444 ab
694 2397 769 2444 hoste
788 2394 928 2445 recedam:
954 2396 1013 2444 Hac
1025 2409 1072 2456 ego
1090 2411 1145 2444 sum
1165 2402 1244 2456 terra,
1259 2396 1359 2457 patriae
1371 2410 1420 2443 uec
1429 2400 1577 2466 poenitet,
1584 2409 1686 2470 οπως

202 2464 311 2514 Hostem
329 2466 470 2514 Fortunam
489 2465 522 2513 sit
539 2465 601 2512 satis
620 2479 677 2513 esse
696 2465 765 2512 mihi.
989 2464 1139 2512 Consortem
1157 2464 1254 2512 Phoebi
1265 2479 1328 2525 gens
1340 2464 1401 2512 colit
1418 2463 1465 2513 illa
1479 2466 1584 2523 deam.

165 2532 247 2584 Plura
264 2533 369 2599 quidem
389 2535 513 2582 subeunt:
534 2531 581 2580 sed
600 2532 650 2580 iam
670 2533 775 2580 turbata
793 2531 884 2578 timore
952 2534 1060 2594 Templa
1074 2538 1181 2581 mouent
1192 2533 1269 2581 hodie
1288 2533 1365 2580 vastis
1381 2533 1474 2582 innixa
1490 2539 1655 2609 columnia,

201 2603 277 2652 Haec
294 2617 395 2666 quoque
414 2601 457 2649 rix
476 2601 572 2662 poteris
591 2615 635 2649 ore
655 2606 785 2648 tremente
803 2599 881 2662 ioqui.
987 2602 1090 2665 Perque
1106 2609 1200 2665 quater
1223 2602 1304 2650 denes
1319 2602 1370 2649 itur
1389 2601 1414 2649 in
1432 2603 1480 2652 ills
1496 2610 1625 2669 gradus,
1718 2619 1748 2664 u

165 2672 288 2733 Suspicor
307 2671 356 2719 hoc
374 2670 468 2718 damno
487 2669 533 2717 tibi
552 2683 601 2716 non
620 2667 690 2726 t‘ore;
707 2669 805 2718 sentiat
822 2668 866 2716 illa
878 2672 926 2716 155
953 2671 1034 2719 Fama
1046 2668 1126 2718 refert
1141 2671 1192 2718 illic
1207 2671 1307 2732 signum
1321 2670 1434 2718 coeleste
1452 2671 1565 2728 fuisses

200 2741 238 2788 Te
258 2740 419 2788 maiestatem
443 2738 607 2800 pertimuisse
625 2751 706 2787 suam.
987 2741 1096 2802 Quoque
1110 2740 1193 2787 minus
1210 2739 1323 2799 dubites,
1346 2743 1399 2787 stat
1417 2739 1489 2788 basis
1505 2747 1585 2796 orba
1605 2748 1682 2812 <1023

166 2807 233 2868 Nec,
250 2813 295 2856 tua
315 2808 335 2856 si
353 2805 416 2855 tietu
436 2806 587 2855 scindentur
604 2808 693 2867 verba,
712 2805 831 2853 nocebit:
953 2806 1068 2871 Araque,
1082 2823 1148 2871 quae
1170 2805 1256 2856 fuerat
1271 2813 1364 2855 natura
1386 2808 1505 2859 candida
1524 2818 1604 2882 saxi,

200 2876 337 2925 Interdum
357 2876 477 2923 lacrimae
496 2875 612 2937 pondera
631 2876 699 2923 uocis
717 2875 824 2923 habent.
987 2877 1098 2924 Decolor
1116 2875 1198 2925 affuso
1219 2877 1301 2925 tincta
1312 2889 1403 2924 cruore
1417 2877 1509 2929 rubet.

167 2944 225 2994 Lux
243 2944 322 2993 etiam
342 2944 439 3005 coeptis
458 2942 537 2991 tacito
555 2944 622 2991 bona
640 2944 733 2991 talibus
752 2941 829 3002 adsit,
952 2946 1060 2993 Femina
1076 2960 1150 2993 saera
1165 2943 1235 3006 iacit,
1249 2946 1343 2994 taedae
1357 2958 1408 2992 non
1420 2952 1485 2996 uota
1501 2949 1611 3017 iugali,
1716 2962 1747 3008 aa

201 3013 325 3076 Horaque
344 3012 509 3073 conveniens,
528 3012 722 3074 auspiciumque
740 3009 840 3059 favens.
878 3013 926 3059 lou
986 3015 1061 3063 Quae
1081 3021 1187 3075 superat
1205 3014 1339 3076 Scythicas
1355 3012 1494 3063 nobilitate
1512 3031 1620 3073 nurus.

99 3110 102 3115 ι
164 3080 218 3130 sea
238 3083 307 3143 prius
327 3082 445 3143 imposito
463 3080 558 3130 sanctis
576 3081 701 3128 altaribus
720 3079 782 3141 igni,
951 3081 1067 3131 sacrifici
1083 3097 1164 3143 genus
1178 3088 1227 3143 est,
1244 3083 1280 3129 sic
1297 3081 1432 3130 instituere
1452 3085 1581 3151 priores,

198 3151 268 3200 Tura
287 3149 327 3199 ser
345 3149 377 3198 ad
398 3164 503 3211 magnos
521 3149 631 3212 vinaque
649 3163 715 3210 pura
733 3147 804 3195 deos.
987 3151 1098 3199 Aduena
1112 3151 1228 3211 virgineo
1240 3164 1332 3198 caesus
1348 3155 1376 3198 ut
1391 3164 1455 3198 ense
1471 3154 1575 3208 cadat.

163 3217 188 3268 B
208 3219 298 3284 quibus
316 3225 379 3267 ante
396 3233 485 3266 omnes
504 3218 649 3281 Augustum
669 3232 763 3265 numen
783 3215 873 3278 adora,
952 3221 1041 3279 Regna
1058 3220 1142 3267 Thoas
1158 3220 1256 3279 habuit,
1270 3218 1404 3266 Maeotide
1421 3219 1512 3271 clarus
1527 3224 1559 3273 iu
1581 3241 1647 3294 on,

200 3289 406 3352 Progeniemqne
425 3288 505 3349 piam,
523 3287 727 3350 participemque
746 3285 804 3334 tori.
986 3289 1041 3336 Nec
1059 3287 1106 3336 fuit
1120 3288 1227 3335 Euxinis
1247 3288 1330 3336 notior
1346 3288 1412 3334 alter
1426 3291 1514 3351 aquis.
1712 3304 1744 3349 aa

164 3357 223 3407 stur
242 3359 339 3407 utinam
359 3358 434 3405 mites
453 3357 527 3405 solito
546 3356 593 3402 sibi
611 3370 691 3415 more,
711 3361 820 3418 tuasque
876 3358 925 3402 lus
950 3357 1060 3418 Sceptra
1076 3362 1183 3404 tenente
1198 3357 1251 3414 ilio,
1266 3354 1480 3419 liquidassecisse
1495 3372 1551 3420 per
1566 3379 1656 3417 auras

198 3426 257 3476 Nou
279 3426 350 3476 duris
369 3426 485 3475 lacrimas
504 3425 616 3473 vultibus
637 3424 793 3487 adspiciunt.
986 3426 1167 3488 Nescioquam
1182 3424 1271 3473 dieunt
1287 3426 1439 3486 iphigeniae
1460 3425 1523 3476 iter.

329 3523 672 3585 rusum
722 3522 758 3583 11·
812 3588 815 3593 Α
951 3494 1677 3624 ‘'rrhht'attemptetur'0⁶²²

164 3633 248 3685 Quam
267 3633 332 3693 legis
350 3647 366 3681 a
384 3632 456 3681 nobis
475 3631 577 3679 missam
596 3629 653 3690 tibi,
668 3629 753 3689 Cotta,
771 3629 891 3693 salutem,
950 3630 1106 3679 Praesuerat
1120 3631 1217 3692 templo
1234 3631 1326 3679 multos
1344 3646 1375 3678 ea
1389 3630 1437 3678 rite
1452 3645 1503 3692 per
1524 3649 1635 3705 auum,
1710 3647 1743 3692 u

198 3702 280 3750 Missa
298 3703 331 3749 sit
350 3708 378 3748 ut
397 3715 467 3760 vere,
486 3699 683 3761 perveniatque,
699 3712 801 3758 precor.
985 3699 1071 3748 lurita
1085 3714 1212 3762 peragens
1231 3699 1314 3748 tristis
1329 3713 1403 3748 sacra
1420 3713 1523 3762 manu3

164 3768 282 3832 Namque
302 3770 364 3817 meis
382 3783 471 3831 sospes
489 3768 595 3815 multum
615 3767 768 3813 cruciatibus
787 3764 883 3830 aufers,
950 3768 1035 3818 Quum
1052 3768 1102 3816 dun
1115 3767 1223 3816 velifera
1237 3768 1343 3816 iuvenes
1359 3782 1454 3815 venere
1479 3770 1595 3838 carina,

199 3838 287 3902 Atque
305 3838 338 3886 sit
358 3844 384 3886 ut
403 3837 483 3886 nostrl
501 3850 561 3898 pars
581 3836 648 3882 bona
665 3835 746 3894 solra,
765 3832 837 3884 fecis.
985 3838 1191 3900 Presseruntque
1208 3852 1253 3884 suo
1265 3837 1340 3884 litora
1357 3841 1444 3884 nostra
1454 3838 1542 3897 pede.

163 3907 302 3970 Quumque
320 3907 409 3955 labent
428 3906 479 3967 alli,
497 3905 643 3967 iactataque
662 3903 719 3950 vela
738 3905 924 3968 relinquente
950 3907 1002 3955 Par
1016 3903 1063 3953 init
1077 3907 1116 3953 his
1128 3914 1210 3963 uetus,
1225 3911 1251 3953 et
1268 3920 1356 3953 emor:
1388 3919 1498 3968 quorum
1513 3908 1597 3959 alter
1615 3912 1741 3976 orestes,

197 3976 236 4024 Tu
256 3977 358 4024 lacerae
378 3989 496 4024 remanes
514 3987 609 4022 ancora
628 3973 680 4019 sola
700 3972 758 4020 rati.
984 3974 1060 4022 Alter
1074 3980 1131 4022 erat
1147 3975 1271 4036 Pylades.
1319 3973 1430 4022 Nomina
1444 3971 1519 4023 fama
1534 3981 1634 4032 tenet.
1709 3988 1742 4034 π

163 4044 245 4095 Grata
264 4050 308 4091 tua
326 4050 365 4092 est
384 4045 462 4106 igitur
480 4044 578 4106 pietas:
599 4040 751 4102 ignoscimus
769 4040 828 4103 illis,
950 4043 1071 4091 Protinus
1086 4044 1207 4090 immitem
1221 4042 1324 4091 Triviae
1337 4041 1466 4092 ducuntur
1480 4043 1518 4093 ad
1531 4060 1631 4113 aram,

198 4113 249 4162 Qui
268 4127 324 4160 curn
344 4114 459 4161 Fortuna
478 4120 550 4174 terga
569 4109 668 4158 dedere
690 4107 776 4170 fugae.
985 4111 1087 4160 Erincti
1105 4111 1221 4173 geminas
1234 4110 1268 4159 ad
1283 4125 1330 4158 sua
1345 4116 1418 4173 terga
1432 4125 1538 4163 manus.

164 4181 249 4231 (tuum
269 4179 363 4229 feriant
382 4197 470 4242 unum,
488 4195 538 4229 non
558 4194 636 4226 uuum
655 4175 763 4225 fulmina
782 4182 890 4240 terrent,
949 4180 1054 4241 spargit
1065 4195 1132 4243 aqua
1147 4185 1236 4241 captos
1251 4179 1352 4228 lustrali
1365 4179 1443 4227 Graia
1460 4185 1612 4251 sacerdos,

199 4249 342 4314 iunctaque
361 4264 482 4312 percusso
500 4249 577 4297 turha
597 4260 693 4308 parere
713 4248 794 4305 sulet;
894 4250 924 4294 10
984 4248 1091 4297 Ambiat
1104 4256 1130 4295 ut
1143 4246 1227 4296 sulvus
1244 4247 1324 4295 insula
1344 4249 1421 4310 longa
1435 4262 1536 4300 comas.

162 4318 299 4381 Quumque
319 4317 393 4367 dedit
412 4318 498 4380 paries
517 4322 642 4364 venturae
662 4315 734 4375 signa
755 4316 856 4378 ruinae,
949 4318 1068 4379 Dumque
1081 4323 1157 4380 parat
1168 4332 1279 4378 sacrum,
1296 4315 1357 4364 dum
1372 4317 1583 4381 velattempora
1597 4315 1692 4393 ‘virtu’
1707 4331 1741 4377 η

196 4387 425 4445 80111ε110,ναοιιυε
444 4385 474 4432 tit
492 4387 562 4432 locus
581 4384 623 4431 ille
645 4389 726 4432 metu.
984 4387 1052 4433 Dum
1069 4386 1160 4435 tardae
1175 4386 1265 4434 causas
1285 4385 1383 4433 invenit
1406 4397 1488 4447 usque
1508 4402 1630 4456 murm

162 4454 226 4504 Quis
246 4470 296 4502 non
316 4469 330 4502 e
351 4453 445 4501 timidis
463 4453 534 4515 aegri
552 4452 671 4513 contagia
694 4453 768 4512 vitat,
949 4454 1007 4502 Non
1027 4469 1074 4514 ego
1090 4454 1211 4514 erudelis,
1227 4455 1333 4502 iuvenes
1348 4454 1483 4515 ignoscite,
1492 4454 1587 4510 dixitg

198 4525 316 4573 Vicinum
336 4528 454 4571 metuens
472 4536 506 4569 ne
524 4521 611 4568 habat
630 4519 690 4568 inde
709 4522 822 4568 malum?
983 4523 1062 4570 Sacra
1075 4537 1121 4570 suo
1137 4521 1203 4571 secio
1220 4523 1369 4570 barbariora
1386 4523 1452 4570 luco.

162 4593 208 4641 hie
226 4607 327 4657 quoque
347 4592 486 4640 amicorum
510 4589 586 4636 nimie
605 4595 704 4636 terrore
722 4597 855 4653 metuque,
892 4591 923 4637 lt
950 4590 1023 4638 Ritus
1035 4590 1055 4639 is
1075 4597 1114 4638 est
1126 4593 1219 4650 gentis.
1255 4591 1313 4641 Qua
1333 4605 1376 4637 ros
1396 4596 1484 4639 tamen
1506 4594 1579 4644 urbe
1600 4602 1724 4653 renitial

196 4661 254 4710 Nou
275 4660 343 4720 odio,
362 4660 465 4724 quidam
484 4658 628 4706 destituere
647 4658 706 4705 mei.
983 4660 1073 4708 erove
1087 4674 1176 4721 parum
1192 4658 1277 4708 fausta
1296 4674 1383 4721 puppe
1406 4659 1509 4720 petistis
1527 4661 1608 4717 iter?
1706 4675 1739 4720 00

160 4726 220 4781 Non
240 4730 289 4776 illis
308 4731 401 4791 pietas,
419 4743 470 4775 non
489 4724 601 4774 officiosa
623 4728 740 4775 voluntas
949 4727 1033 4786 Dixit;
1055 4734 1090 4783 et,
1103 4728 1191 4775 aridito
1209 4728 1311 4790 patriae
1325 4729 1368 4789 pia
1383 4728 1485 4775 nomine
1501 4729 1593 4796 virge,

196 4796 304 4851 Defuit:
323 4797 446 4846 adversos
464 4795 607 4844 extimuere
627 4795 708 4855 deos;
984 4796 1122 4844 Consortes
1139 4798 1207 4845 urbis
1216 4797 1347 4857 comperit
1360 4810 1417 4844 esso
1433 4809 1508 4845 suae.

217 4945 258 4988 1³0
272 4944 377 4988 haereas
391 4945 500 4988 Helene
514 4941 563 4986 eod.
605 4940 871 4985 itteurom.Plaeebat
886 4940 990 4992 Deinde
1005 4944 1184 4987 necimmerito.
1227 4946 1267 4987 111
1282 4944 1328 4988 Per
1342 4949 1447 4986 marren
1461 4943 1546 4990 Burro.
1562 4963 1585 4994 e.
1634 4955 1680 5000 m
1694 4953 1737 4999 ,αι

161 5005 191 5044 tu
204 5000 267 5043 turb.
307 5000 347 5043 lto
361 5002 457 5054 piosque
472 4998 521 5041 cod.
561 4995 592 5050 11,
606 4997 619 5039 d
638 4996 712 5049 thue
727 4996 757 5037 sit
772 5007 784 5036 e
798 4995 864 5037 nobis
878 5008 932 5050 pars
947 4996 1027 5039 licius.
1042 5010 1056 5039 e
1070 4998 1134 5040 codd.
1149 5001 1283 5054 compesuit.
1305 4998 1362 5041 Dedi
1387 4999 1441 5041 ieet.
1456 4999 1506 5040 eod.
1533 5002 1656 5052 Frauoot
1671 5012 1737 5054 eele-

158 5052 297 5098 amantur.
337 5053 452 5097 fidedere
467 5065 519 5095 meo
534 5053 614 5095 lisine.
628 5063 647 5092 a.
680 5050 707 5091 11
721 5049 775 5091 Sint
788 5048 819 5092 tt.
833 5050 922 5093 Deinde
937 5050 1016 5093 linem.
1031 5065 1050 5094 e
1061 5053 1210 5108 finguntque.
1246 5055 1273 5095 11
1287 5054 1373 5108 glorie.
1400 5053 1427 5096 21
1441 5053 1527 5098 Fallat
1545 5058 1638 5107 liuius.
1653 5078 1670 5109 a
1686 5063 1736 5108 td.

160 5109 191 5153 44
203 5107 304 5164 frigidos
316 5105 387 5160 aran,
400 5109 470 5155 oties
485 5107 583 5149 uittarus
596 5104 670 5153 osblsr
684 5102 786 5146 labora
800 5110 880 5152 terror
894 5104 1012 5149 Ponticus
1027 5106 1096 5154 later.
1109 5108 1151 5150 alii
1165 5107 1220 5150 alia.
1260 5108 1288 5151 td
1302 5107 1376 5150 tuedo
1389 5120 1434 5150 aea
1449 5115 1514 5158 uon.
1528 5123 1578 5157 noa
1594 5125 1674 5174 ura,
1687 5132 1734 5165 aaa

161 5170 246 5220 napta.
260 5162 468 5219 Herasspnsatss
481 5161 568 5207 tutu
580 5172 627 5204 nea
642 5163 708 5204 note.
722 5157 835 5211 suntor,
848 5158 967 5206 usrissdl.
1006 5160 1034 5206 tt
1047 5173 1090 5217 per
1103 5173 1214 5217 oeqsxu.
