3586 5498
124 144 198 217 458
372 172 405 221 1³.
430 172 573 223 ovtntt
598 172 783 219 ΠΗΜΙΙ
808 168 1240 219 ΙΠΛΜΟΙΗΙΘΙΙΜ
1264 170 1347 221 iil!-
1370 172 1407 223 Σ.

122 344 195 392 Tune
213 342 263 393 eris
280 343 411 394 staalda
429 345 525 407 pelles,
542 349 571 393 et
587 342 707 395 edeltete
727 344 825 407 petrin
901 341 1221 407 emesansfltstsse.
1240 342 1680 411 flumme-dedum

43 433 46 439 ·
122 412 195 461 Tune
214 427 285 463 soror
302 414 382 477 gnati,
400 414 569 477 genetrixque
589 414 714 462 vomuere
732 411 838 464 uanus
902 412 1000 463 liceret
1012 428 1093 474 anem
1110 416 1286 478 tremelesqee
1298 428 1390 465 maere
1403 415 1680 483 unisqueneteqee

123 481 179 530 Nec
198 490 295 531 metues
312 491 368 531 etro
387 483 490 531 crinitas
508 497 593 544 angue
610 482 727 540 Sorores,
901 481 1038 542 Teedicet
1047 483 1197 545 antepedes
1204 486 1314 546 supplex
1322 485 1680 548 precamen-temetsi

123 551 203 609 Quas,
220 550 315 601 lacibus
330 553 413 601 saevis
428 554 514 600 oculos
526 560 604 615 etque
620 566 665 600 ore
681 557 811 613 petentes,
827 555 877 599 000
904 551 936 599 Et
951 551 1027 603 modo
1039 553 1179 611 blanditur,
1197 553 1281 613 medo,
1299 553 1385 603 sluee
1398 555 1516 605 conscie
1536 552 1600 617 flet,

122 620 205 668 Noxia
217 622 295 671 corda
309 622 415 670 ridenti
452 622 489 669 At
508 629 545 677 tu,
563 621 624 669 dum
636 634 744 683 corpore
762 635 813 669 nou
833 635 861 670 es
901 621 1004 682 Terret,
1021 628 1048 671 et
1060 621 1180 670 indicium
1197 623 1291 685 laquei,
1302 629 1471 686 coeptaeque
1489 624 1619 676 minetur

65 686 73 705 “
121 689 211 747 Passa,
230 689 302 739 nefas
320 693 405 740 auimo
423 705 455 738 ue
474 691 593 752 concipe:
613 705 678 738 neve
698 690 809 752 potentis
903 689 1005 750 Mortis,
1021 698 1048 740 et
1060 690 1170 739 officium
1183 692 1315 740 commisso
1334 691 1454 755 spondet
1473 694 1580 744 emori.

125 759 266 808 Concubitu
286 761 365 808 rctlto
385 761 499 809 Naturam
519 761 604 822 pollue
622 758 722 808 foedus.
904 759 1002 808 Extulit
1020 761 1062 808 ille
1080 767 1166 822 ceput,
1185 760 1344 825 lacrimisque
1362 762 1487 823 implevit
1507 764 1619 815 cenem

121 828 197 877 Velle
210 837 288 891 pute:
308 845 349 877 res
361 830 416 891 ipse
432 836 511 877 vetet.
531 828 592 875 Pius
607 829 659 885 ille,
677 840 823 889 memorque
838 833 878 877 est
902 828 1012 878 Pectore
1031 830 1151 877 nutricis:
1170 837 1312 893 conataque
1331 844 1410 892 saepe
1430 829 1530 893 fateri,
1634 838 1682 887 tu

122 897 204 957 luris;
225 906 286 947 eto
313 900 403 946 vellem
423 899 508 946 similis
524 895 595 945 furor
613 904 682 945 esset
701 893 792 945 inille!
828 901 878 945 000
902 898 987 959 Saepe
1008 904 1082 947 tenet
1099 912 1185 946 vocem
1200 900 1401 964 pudibundaque
1416 901 1548 952 vestibus
1564 916 1617 953 ere

121 967 245 1026 Dixeret;
264 975 290 1015 at
306 968 424 1029 Cinyras,
444 980 520 1029 queen
534 967 609 1028 copis
624 965 702 1028 digne
718 979 861 1027 prucorum,
900 967 992 1015 Texits
1011 974 1048 1027 et,
1067 967 1101 1025 0.
1120 967 1194 1028 dixit,
1212 966 1313 1018 felicem
1331 970 1444 1031 coniuge
1464 969 1608 1022 neuere!

122 1036 190 1085 (luid
210 1035 297 1093 saciat,
315 1036 435 1084 dubitare
453 1033 524 1096 iacit,
541 1036 648 1085 scitatur
666 1036 698 1085 ab
716 1036 782 1098 ipse,
902 1035 1050 1085 Hactenus:
1070 1043 1097 1085 et
1114 1037 1218 1097 gemuit.
1254 1037 1360 1087 Gelidus
1380 1039 1494 1091 untrieis
1513 1040 1546 1091 its
1567 1050 1657 1101 eries,

121 1106 270 1155 Nominibus
289 1105 374 1167 dictis,
390 1105 460 1155 cuiue
480 1106 541 1154 velit
558 1119 615 1154 esse
633 1104 726 1154 meriti.
902 1106 1028 1169 Ossaque,
1043 1106 1210 1165 seneltenim,
1224 1114 1345 1169 penetret
1357 1113 1476 1159 nemer:
1497 1111 1684 1178 elbnqeetete

120 1174 169 1223 Ille
188 1175 246 1224 silet
264 1178 361 1237 primo:
381 1176 520 1238 patriisque
538 1175 563 1223 in
582 1175 692 1224 vultibus
711 1175 831 1234 haerent,
902 1175 1006 1223 Vertite
1023 1175 1131 1224 canities
1148 1176 1237 1238 rigidis
1255 1177 1326 1227 stetit
1344 1178 1411 1226 lulrte
1428 1179 1558 1241 cupillis.
1633 1186 1684 1235 010

121 1244 242 1302 Aestuat,
261 1253 288 1294 et
306 1244 393 1308 tepido
412 1243 535 1293 sutiundlt
552 1245 647 1293 lumine
665 1258 733 1294 rore.
827 1247 877 1293 seo
901 1244 1045 1308 Multaque,
1064 1252 1092 1294 ut
1109 1252 1244 1295 exteteret
1260 1245 1339 1307 diros,
1356 1246 1378 1295 si
1395 1254 1501 1309 posset,
1518 1264 1637 1303 eueres

121 1314 236 1375 Virginei
256 1314 364 1377 Cinyras
382 1315 447 1363 haec
464 1315 573 1363 credens
592 1328 649 1362 esse
668 1312 774 1369 timoris,
902 1312 1021 1364 Addidit.
1057 1312 1095 1365 At
1113 1315 1184 1377 virge
1201 1315 1249 1365 scit
1266 1329 1294 1364 se
1312 1330 1363 1365 ece
1381 1314 1448 1365 islse
1470 1320 1598 1379 receerl,

121 1383 197 1430 Flere
217 1390 296 1441 vetat,
313 1384 441 1447 siccatque
456 1396 545 1444 genes,
563 1389 640 1446 atque
651 1383 738 1431 oscula
752 1381 842 1443 iungit.
901 1382 980 1431 Certe
998 1383 1061 1433 mori
1079 1390 1166 1433 umen
1184 1390 1233 1443 est,
1251 1385 1273 1434 sl
1290 1398 1341 1434 soe
1360 1385 1480 1448 potietur
1503 1396 1617 1443 stete.

121 1452 228 1513 Myrrha
245 1451 312 1500 detis
326 1453 429 1501 nimium
449 1451 561 1511 gaudet:
580 1452 756 1516 consulteque,
774 1453 876 1514 qeeleus
902 1453 976 1510 Vise,
994 1454 1032 1502 eit
1049 1454 1122 1513 haec,
1140 1454 1240 1515 potiere
1257 1462 1318 1515 teas
1337 1468 1388 1504 nce
1405 1468 1485 1513 ense,
1505 1468 1644 1520 perenn

121 1521 204 1582 Optet
219 1522 414 1585 liaberevirum,
432 1521 545 1569 Similem
563 1521 618 1579 tibi,
635 1521 709 1571 dixit.
745 1520 782 1571 At
799 1521 844 1571 ille
901 1522 1004 1583 Dicere,
1020 1522 1158 1571 conticuit:
1177 1524 1352 1586 promissaque
1373 1524 1483 1575 sumine
1502 1525 1615 1581 fimet.
1633 1534 1684 1583 400

121 1590 179 1638 lion
198 1592 353 1639 intellectam
373 1605 459 1639 rocem
479 1590 619 1650 collaudet,
637 1597 673 1649 et,
692 1590 754 1639 uaso
826 1594 876 1641 000
900 1591 980 1641 Festa
997 1592 1056 1654 piae
1073 1592 1175 1641 Cereris
1193 1593 1361 1643 celebrabant
1376 1607 1466 1643 asera
1487 1603 1604 1650 utres

119 1660 182 1707 Tem
201 1661 243 1721 pie
262 1674 373 1721 semper,
390 1660 435 1709 eit.
472 1660 579 1709 Pietatis
597 1660 700 1708 neniae
717 1659 788 1709 dictu
901 1660 959 1719 llis,
977 1662 1069 1723 quibus
1087 1662 1162 1711 eirea
1181 1663 1282 1712 relatas
1299 1676 1407 1725 corpere
1425 1670 1506 1715 reete

120 1729 229 1777 llemisit
247 1731 340 1787 vultus,
360 1731 463 1777 sceleris
482 1729 528 1779 sibi
547 1729 657 1790 conscie,
676 1728 755 1792 uirgo.
901 1730 1030 1781 Primitiae
1047 1729 1148 1793 frugem
1167 1731 1240 1791 dest,
1258 1731 1344 1793 spicea
1363 1738 1443 1791 serta,
1461 1748 1595 1799 secrete,

120 1798 209 1846 tinctis
228 1806 285 1847 erat
308 1799 429 1857 medium,
448 1813 583 1862 curesque,
607 1806 634 1847 et
649 1805 754 1860 pectore
774 1812 876 1847 mmnus
901 1799 1004 1862 l’erque
1023 1815 1114 1848 novem
1137 1807 1225 1850 noctes
1244 1801 1374 1850 Venerem
1389 1807 1537 1868 tentetque
1553 1806 1651 1859 viriles

119 1868 247 1917 Solveret.
284 1867 321 1917 ,dt
339 1868 409 1929 virgo
427 1868 549 1930 Cinyreia
568 1867 673 1931 peruigil
692 1867 743 1929 igui
901 1867 931 1917 la
953 1868 1039 1918 vetitis
1062 1876 1208 1921 numerent.
1242 1871 1329 1919 Turba
1349 1870 1496 1923 cenchreis
1511 1874 1541 1925 iss
1561 1877 1613 1927 ilh
1631 1884 1683 1931 m

120 1937 239 1999 Carpitur
255 1937 387 1997 indomito,
409 1935 554 2001 furioseque
578 1945 637 1987 sota
658 1941 791 1986 retrectat.
826 1940 876 1985 070
902 1938 978 2000 Regis
994 1939 1068 1988 ebert
1090 1939 1193 1999 coniux,
1211 1953 1357 2003 arcensque
1372 1954 1447 1990 sacre
1465 1939 1648 2009 ireque-m,

119 2006 154 2055 Et
173 2008 248 2055 modo
266 2006 398 2071 desperat,
414 2007 488 2056 modo
508 2010 562 2056 rult
579 2014 699 2057 tentare:
719 2004 860 2070 pudetque,
901 2007 969 2070 Ergo
987 2009 1100 2070 legitime
1120 2022 1213 2058 uacuus
1230 2008 1291 2058 dum
1309 2010 1416 2071 coniuge
1434 2011 1536 2075 lectus,

119 2076 250 2138 Etcupit3
271 2084 306 2136 et,
323 2076 382 2140 quid
400 2083 469 2139 egat,
484 2092 533 2125 nou
549 2077 657 2127 invenit.
694 2075 780 2140 thue
792 2074 877 2125 securi
901 2078 984 2126 Nacta
1001 2091 1104 2139 gravem
1125 2078 1183 2127 rino
1201 2078 1320 2141 Cinyram
1339 2081 1405 2127 mele
1423 2080 1523 2133 sedete
1544 2088 1655 2149 numia,

119 2146 210 2194 Saucia
232 2149 302 2195 trabs
318 2148 418 2209 ingens,
433 2148 475 2195 ubi
499 2148 575 2209 plage
598 2146 734 2196 novissima
750 2152 841 2203 restet,
901 2146 1009 2195 Nomine
1028 2148 1144 2206 mentito,
1163 2162 1236 2196 veros
1255 2150 1362 2210 exponit
1379 2163 1492 2211 amores,

119 2216 177 2265 Quo
196 2216 281 2277 cedat,
301 2217 325 2264 in
349 2217 426 2266 dubio
443 2223 491 2274 est,
504 2218 623 2280 omnique
637 2222 739 2278 aperte
757 2217 875 2272 timeturc
900 2216 934 2263 Et
955 2214 1046 2267 faciem
1070 2216 1167 2266 laudet.
1204 2218 1334 2269 Quaesitis
1350 2218 1454 2280 virginis
1471 2222 1572 2281 senis,
1630 2230 1684 2277 ω

118 2286 160 2333 Sic
180 2285 278 2335 enimus
298 2287 367 2335 sario
388 2286 529 2335 lateremus
555 2289 661 2335 sulssere
682 2292 756 2334 nutet
826 2287 875 2333 tin
900 2286 962 2347 Par,
983 2285 1029 2347 eit,
1050 2292 1090 2335 est
1109 2287 1241 2348 Myrrhae.
1277 2289 1360 2337 Quam
1375 2294 1513 2351 postque·
1534 2293 1683 2349 eddeeere

118 2354 178 2402 Huc
196 2356 268 2413 levis,
284 2363 360 2418 etque
380 2356 447 2414 illuc,
467 2363 647 2420 momentaque
665 2355 741 2402 sumit
759 2360 875 2417 utroque.
1324 2356 1392 2405 insse
1411 2364 1460 2416 est,

120 2424 176 2471 tice
193 2425 282 2472 modus
295 2432 340 2472 aut
356 2426 467 2486 requies,
479 2425 524 2472 nisi
540 2438 616 2484 mors,
630 2423 758 2484 reperitur
774 2422 875 2470 amoris.
900 2421 986 2485 thue
1010 2421 1111 2472 domum
1132 2421 1218 2481 rediit,
1236 2423 1329 2474 Gaude
1345 2440 1411 2486 mee,
1428 2424 1508 2486 dixit,
1527 2432 1666 2488 alentes:

117 2492 296 2554 Morsplecet.
333 2493 460 2554 Erigitur;
480 2493 621 2554 laqueoque
638 2493 770 2540 innectere
788 2489 876 2540 lauces
900 2491 1022 2540 Vicimus.
1059 2490 1155 2540 insellx
1173 2507 1223 2541 non
1243 2500 1296 2542 teto
1314 2508 1422 2557 corpore
1440 2498 1527 2547 sentit

118 2561 252 2610 Destinat:
273 2567 308 2618 et,
323 2576 387 2609 nosse
400 2576 497 2609 summo
513 2560 546 2609 de
562 2568 634 2623 poste
654 2560 778 2622 revincta,
900 2560 1035 2609 Laetitiam
1052 2561 1132 2624 virgo,
1147 2576 1322 2626 praesagaque
1339 2571 1444 2626 pectore
1460 2580 1609 2623 maerent.

118 2630 185 2678 Cere
210 2632 266 2679 vale
290 2629 395 2692 Cinyra,
411 2644 565 2693 causamque
582 2630 696 2690 intellige
709 2629 806 2692 mortis,
825 2634 876 2678 seu
900 2630 952 2678 Sed
968 2637 1053 2679 temen
1065 2631 1210 2693 etgeudet:
1229 2640 1302 2681 tenta
1313 2633 1491 2683 estdiscordie
1503 2643 1684 2699 mentium

119 2698 201 2757 Dixit,
220 2706 246 2747 et
266 2699 373 2759 aptabat
391 2700 497 2761 pallenti
517 2699 615 2747 vincula
634 2701 708 2748 collo.
899 2700 1011 2760 Tempus
1034 2707 1098 2757 eret,
1121 2716 1171 2764 quo
1187 2709 1279 2750 cuncte
1294 2704 1380 2761 silent,
1393 2702 1515 2768 interque
1527 2709 1668 2765 Trione..

117 2768 249 2816 Murmura
269 2769 403 2815 uerborum
422 2768 488 2817 fidas
507 2769 610 2817 nutricis
629 2768 662 2817 ad
681 2781 757 2817 eures
901 2768 1024 2817 Flexeret
1041 2769 1142 2832 obliquo
1162 2770 1302 2832 plaustrum
1321 2778 1424 2821 temone
1443 2773 1564 2828 Bootes:

118 2838 274 2886 Pervenisse
292 2837 388 2897 serunt,
406 2839 482 2886 limen
501 2839 627 2886 seruantis
646 2838 773 2886 alumnae.
901 2837 944 2886 Ad
963 2836 1060 2888 tactum
1079 2840 1149 2888 venit
1167 2841 1210 2889 ille
1228 2855 1314 2890 suum.
1350 2842 1429 2902 Fugit
1445 2857 1531 2894 auree
1550 2853 1639 2901 coelo

118 2905 205 2968 Surgit
226 2922 299 2967 ensis,
320 2914 467 2971 reseratque
483 2906 565 2956 t'oree:
585 2907 721 2970 mortisque
735 2911 841 2968 paratae
900 2907 982 2963 Luna,
1001 2914 1090 2969 tegunt
1110 2909 1197 2970 nigrae
1216 2910 1343 2959 latitantia
1361 2911 1446 2961 sidere
1464 2914 1576 2975 seben

118 2976 295 3025 iustrumenta
319 2976 420 3035 videns,
440 2977 522 3039 spatio
545 2979 688 3026 conclamet
705 2975 806 3032 eodem,
825 2979 874 3023 000
901 2977 958 3025 Nox
974 2986 1046 3027 caret
1059 2978 1117 3041 igue
1132 2993 1193 3028 suo:
1213 2980 1306 3040 primos
1321 2981 1396 3041 tegis,
1411 2980 1495 3041 lcare,
1509 2989 1619 3049 vultus,
1630 2996 1685 3043 m

117 3047 202 3109 Seque
225 3045 296 3104 ierit,
318 3046 459 3109 scinditque
482 3047 561 3107 sinus,
586 3055 727 3109 ereptaque
743 3045 808 3095 collo
901 3046 1062 3109 Erigoneque
1081 3048 1124 3108 pio
1142 3055 1242 3097 secrete
1261 3051 1375 3111 parentis
1393 3065 1490 3100 amore.

117 3116 228 3165 Vincula
250 3117 367 3165 dilaniet.
403 3118 466 3165 Tum
483 3116 595 3180 denique
612 3117 675 3165 flere
688 3114 806 3173 vecaritq
899 3118 950 3164 Ter
969 3117 1042 3178 pedis
1055 3115 1146 3165 offensi
1163 3118 1234 3177 signo
1257 3126 1297 3167 est
1315 3126 1445 3179 revocate,
1460 3127 1501 3170 ter
1516 3138 1603 3178 omen

115 3187 180 3234 Tum
198 3186 261 3235 dare
277 3187 434 3248 complexus,
453 3187 587 3251 laqueique
608 3187 740 3251 requirere
763 3198 875 3235 cautem
900 3186 1033 3234 Funereus
1052 3186 1118 3234 bubo
1137 3187 1207 3235 letali
1225 3188 1338 3237 carmine
1356 3186 1433 3238 sectr:

118 3256 192 3304 Mitte
210 3258 268 3305 silet
286 3257 367 3316 virgo,
383 3264 529 3319 terramque
549 3257 651 3306 immota
669 3261 766 3316 tuetur,
900 3255 927 3304 lt
945 3261 1048 3313 tament
1068 3260 1095 3304 et
1114 3257 1238 3306 tenebrae
1264 3258 1391 3317 minuunt,
1413 3272 1515 3322 noxque
1533 3269 1599 3315 atre
1624 3282 1682 3331 ρ..

117 3326 151 3374 Et
163 3325 291 3388 deprensa
311 3326 381 3375 dolet
398 3326 488 3375 turdac
508 3326 642 3374 conamine
657 3325 754 3376 mortis.
825 3328 876 3373 000
1327 3327 1431 3377 dorem:

118 3394 202 3444 instet
219 3411 301 3454 antss;
321 3410 449 3458 canosque
470 3410 537 3453 suos,
556 3402 583 3444 et
602 3395 687 3445 inania
706 3393 807 3444 audeus
901 3393 1064 3458 Nutricisque
1082 3408 1183 3442 mesum
1202 3396 1277 3445 iecra
1295 3400 1383 3455 teuet3
1402 3397 1486 3445 altera
1502 3407 1580 3450 motu
1621 3410 1680 3457 dee

118 3464 215 3521 Ubera,
232 3480 278 3527 per
294 3479 373 3513 cunas
387 3466 559 3528 alimentaque
577 3466 659 3526 prime
677 3471 807 3527 precetur,
900 3462 1011 3512 Caecum
1035 3464 1085 3513 iter
1103 3466 1230 3526 exploret.
1266 3466 1381 3515 Thalami
1403 3466 1452 3514 iem
1468 3467 1559 3519 nmine
1574 3478 1679 3539 uergit,

117 3533 153 3581 Ut
167 3535 213 3581 sibi
226 3536 378 3594 committat,
393 3534 514 3597 quidquid
531 3533 611 3583 dolet.
647 3533 696 3582 illa
707 3540 841 3595 rogantem
902 3532 1007 3597 lemque
1024 3531 1092 3582 iores
1105 3534 1199 3596 sperit,
1215 3536 1265 3585 lem
1285 3534 1387 3584 ducitur
1404 3535 1490 3584 intus:
1510 3544 1540 3585 st
1559 3538 1600 3591 lili

120 3602 249 3651 Aversate
267 3604 354 3666 gemit.
391 3602 469 3651 Certa
488 3609 527 3651 eet
545 3605 680 3666 exquirere
698 3604 795 3659 nuuix,
900 3602 1002 3665 Poplite
1022 3602 1142 3652 succiduo
1158 3618 1241 3665 genua
1253 3604 1425 3664 intremuere;
1447 3602 1567 3670 fugitque

118 3671 175 3720 Nec
189 3673 267 3720 solam
281 3672 408 3734 spondere
421 3671 508 3720 tidem.
528 3672 683 3734 Dic,inquit,
693 3685 819 3735 opemque
826 3675 875 3720 000
901 3670 934 3721 ut
947 3674 1026 3729 color,
1042 3679 1068 3720 et
1087 3673 1206 3733 sanguis:
1225 3673 1375 3737 animusque
1392 3675 1512 3737 relinquit
1527 3685 1657 3733 cente..

116 3740 162 3789 ilie
176 3741 231 3789 siue
248 3740 316 3790 serre
330 3742 391 3799 tibi;
411 3756 461 3789 nou
482 3747 523 3789 est
543 3755 599 3789 mee
623 3742 696 3804 pigre
712 3747 840 3791 senectus.
900 3741 1009 3805 Quoque
1023 3756 1070 3791 suo
1084 3742 1188 3805 propior
1201 3743 1302 3801 sceleri,
1318 3743 1397 3805 magis
1408 3744 1504 3802 lsorret,
1512 3750 1676 3807 etsensim

117 3811 169 3858 Seu
181 3809 251 3860 furor
267 3818 323 3871 est;
343 3812 434 3871 habco,
450 3824 515 3875 quse
531 3811 644 3859 cermlue
659 3817 734 3859 senet
744 3817 770 3859 et
780 3810 874 3861 herbis.
900 3810 1031 3869 Poenitct,
1049 3816 1077 3861 et
1094 3813 1174 3859 vellet
1192 3825 1241 3861 nou
1261 3813 1363 3872 cognite
1382 3826 1457 3874 posse
1476 3817 1586 3867 reverti.

117 3880 176 3928 Sive
195 3881 285 3943 aliquis
303 3882 404 3940 nocuit;
426 3882 522 3941 magico
541 3880 684 3929 lustrabere
702 3880 762 3929 ritu.
900 3878 1070 3929 Cunctantem
1089 3881 1213 3941 longaeve
1231 3894 1307 3933 menu
1326 3882 1441 3941 deducit,
1460 3890 1486 3931 et
1503 3885 1557 3932 site

117 3950 176 3997 Sive
196 3956 235 3998 eat
255 3951 292 3999 ira
312 3951 405 4009 deum;
425 3951 504 3999 sacris
523 3950 678 4011 placabimus
696 3949 768 3999 irem.
901 3948 1037 3997 Admotum
1055 3951 1121 3997 lecto
1140 3963 1216 4012 quum
1235 3950 1360 4010 traderet,
1381 3951 1488 4014 Accipe,
1506 3952 1594 4014 dlxltq

117 4019 185 4070 Quid
208 4034 266 4067 rear
290 4021 410 4068 ulterius?
429 4026 500 4068 certe
520 4018 623 4068 fortune
646 4018 787 4082 domusque
821 4021 873 4066 too
899 4018 1073 4076 letetuaest,
1095 4017 1204 4079 Cinyrae
1223 4018 1368 4083 devotaque
1388 4035 1496 4083 corpora
1515 4022 1613 4077 luuxlt.

116 4088 220 4149 Sospes,
230 4095 255 4136 et
268 4089 291 4136 in
301 4104 374 4137 cursu
387 4094 440 4145 est;
458 4089 730 4152 vivuntgenetrixque,
738 4093 872 4152 paterque.
900 4087 1003 4149 decipit
1019 4089 1146 4136 obscaeno
1165 4088 1266 4149 genitor
1284 4104 1329 4139 sua
1346 4091 1443 4139 viscere
1460 4092 1537 4149 lecto,
1612 4100 1670 4151 m

115 4158 232 4220 Myrrha,
250 4164 324 4219 petre
343 4158 440 4218 audito,
459 4159 566 4219 susspicio
585 4158 659 4206 cllixlt
676 4160 709 4205 eb
726 4158 776 4205 imo
899 4157 1085 4219 Virgineusque
1102 4162 1184 4204 metus
1202 4157 1281 4215 levat,
1299 4160 1467 4223 horteturque
1480 4161 1630 4217 timentem.

115 4228 234 4276 Pectore.
272 4228 328 4276 Nec
342 4230 427 4277 nutrix
450 4229 587 4276 etiamnum
603 4228 713 4288 concipit
727 4228 805 4275 ullum
900 4226 1017 4275 Forsitan
1035 4226 1128 4274 eetetis
1143 4239 1243 4290 quoque
1258 4229 1369 4289 nomine,
1388 4230 1461 4288 Filia,
1477 4228 1562 4281 dixit:

116 4299 206 4346 Mente
220 4295 307 4345 nesae:
327 4298 486 4360 aliquemque
496 4303 581 4345 tamen
595 4296 738 4358 praesentit
751 4310 872 4346 amorem.
901 4296 973 4345 Dixit
988 4300 1015 4344 et
1029 4294 1082 4354 ille,
1098 4295 1195 4352 Petere
1214 4298 1305 4345 sceleri
1326 4314 1360 4346 ne
1375 4299 1476 4347 nomine
1494 4299 1591 4352 desint.

115 4366 294 4430 Propositique
308 4371 396 4424 tenax,
411 4366 588 4429 quodcumque
605 4366 645 4424 eit,
658 4365 873 4427 orat,utipsit⁰i
900 4365 982 4414 Plena
1001 4365 1080 4427 petris
1099 4365 1216 4413 thalamis
1234 4366 1345 4426 excedit,
1365 4376 1391 4416 et
1410 4369 1486 4430 impie
1505 4368 1562 4419 diro

116 4436 227 4495 indicet,
247 4442 272 4485 et
291 4437 385 4498 gremio
404 4436 579 4483 lacrimantem
598 4436 664 4484 tollit
682 4435 756 4483 anili:
900 4434 1003 4483 Semina
1018 4432 1069 4482 fert
1081 4440 1163 4491 utero,
1181 4443 1357 4499 conceptaque
1371 4438 1477 4486 crimine
1495 4445 1592 4500 portet.
1611 4445 1671 4493 470

116 4505 204 4569 Atque
217 4507 252 4555 ita
267 4508 440 4568 complectens
461 4503 567 4553 infirmis
593 4505 707 4553 membre
727 4502 840 4565 lacertis,
900 4504 1009 4553 Postera
1020 4517 1071 4552 nox
1086 4502 1183 4552 facinus
1199 4505 1330 4565 geminet:
1349 4520 1397 4553 uec
1413 4506 1472 4556 finis
1483 4507 1508 4556 iu
1526 4509 1570 4557 illa
1583 4518 1647 4573 est;

116 4576 257 4633 Sensimus,
267 4577 356 4639 iuquit,
367 4589 451 4624 emes:
472 4574 874 4635 cttnnocneaponctincsem,
902 4574 985 4624 Quium
1002 4572 1106 4621 tandem
1124 4573 1241 4635 Cinyras,
1253 4573 1343 4621 avidus
1356 4590 1511 4637 cognoscere
1528 4587 1668 4633 amentem

115 4644 244 4694 Sedulitas
264 4647 312 4694 erit
330 4652 391 4707 apta
409 4644 471 4701 tibi;
490 4657 539 4691 nec
557 4646 652 4692 recutiet
671 4657 781 4706 unquam
903 4644 963 4690 Post
982 4649 1020 4691 tot
1037 4643 1196 4697 concubitus,
1214 4643 1285 4689 illato
1304 4644 1399 4692 lumine
1421 4646 1483 4695 vidit

116 4713 174 4762 Hoc
186 4722 267 4774 peter.
288 4716 396 4763 Exsiluit
411 4714 507 4773 gremio
523 4710 670 4770 furibunda,
682 4714 875 4774 torumquedltl
903 4713 935 4760 ut
952 4713 1044 4770 scelus,
1060 4719 1087 4759 et
1107 4720 1204 4768 natam,
1221 4711 1354 4775 verbisque
1372 4714 1460 4763 dolore
1474 4715 1592 4777 retentis,

117 4783 171 4832 Ore
188 4798 317 4843 premens,
336 4784 456 4841 Discede,
475 4797 575 4844 precor,
594 4782 736 4843 miseroque
749 4781 841 4842 pudori
903 4779 1032 4830 Pendenti
1051 4781 1158 4830 nitidum
1177 4780 1269 4841 regina
1287 4781 1383 4845 deripit
1401 4800 1497 4834 ensem.
1611 4791 1666 4838 eu

116 4852 209 4912 Parce,
224 4854 269 4903 ait.
306 4854 425 4916 Instanti,
445 4851 566 4914 Discede,
585 4857 631 4900 eut
645 4850 745 4911 desine,
765 4849 841 4912 dixit,
904 4850 1010 4913 Myrrha
1033 4849 1107 4912 fugit,
1124 4850 1237 4899 tenebris
1254 4856 1281 4899 et
1296 4866 1389 4904 caecae
1407 4869 1512 4903 munere
1525 4856 1608 4905 nectis

1670 2398 1685 2425 Ι

116 5074 138 5118 Η
170 5018 307 5116 001Ιέ1οἓξι,
332 5018 571 5113 1’011ιιιὺιιιιιιιιι1.
620 5018 661 5060 000
674 5015 798 5072 placatius
813 5019 851 5064 ire
866 5019 896 5064 11.
910 5032 924 5062 e
938 5014 1002 5061 cedd.
1016 5014 1082 5060 decb.
1135 5017 1173 5062 ttl
1189 5017 1273 5074 Sospes
1289 5019 1319 5061 ed
1336 5020 1433 5062 incursu
1447 5026 1491 5063 cet.
1538 5021 1578 5065 101
1591 5019 1664 5065 dees

140 5089 219 5117 .ecus
245 5106 249 5115 .
282 5085 386 5116 secretu
402 5086 472 5116 versu
487 5088 520 5129 eq.
