3586 5498
114 268 189 341 tsi
388 289 419 338 n.
444 287 627 338 euenere
652 286 814 341 essuos
838 288 1183 345 sucorennsoor
1205 288 1287 339 ssa.
1313 292 1373 340 ru.

117 463 206 526 ipsam
218 462 343 513 caeruleis
359 463 519 527 squalentem
538 463 647 512 nexibus
663 476 754 513 ornum
824 468 874 515 m
901 464 1070 530 0bnlsusque
1085 478 1154 529 gene
1172 468 1287 529 mperel,
1308 463 1429 530 noqltqee
1450 469 1598 515 mentes
1616 471 1659 516 555

117 533 230 597 ipseque
246 533 376 596 persl'gills
389 535 533 582 calcantem
548 534 645 581 lumine
662 533 776 596 monstri,
899 535 955 583 Sub
970 535 1029 596 iuga
1044 550 1112 585 sene
1133 540 1215 584 loros:
1234 534 1311 582 alium
1328 533 1426 583 debinc
1442 535 1554 585 turbide
1565 537 1660 587 Colebis

116 603 255 665 Contingat
275 602 312 652 sic
325 602 420 652 deinde
445 601 523 651 morl!
558 603 601 652 Sic
616 602 670 652 fate
685 600 807 668 profugit,
899 603 1033 667 humet,
1051 606 1201 669 lentumque
1217 601 1294 652 offert
1307 601 1454 668 timideque
1470 605 1630 666 ιίιιιῑιις

118 673 205 737 Seque
218 673 265 720 sub
279 672 400 721 extremis
414 672 439 719 iu
453 670 554 719 moenie
567 672 656 720 retulit
671 672 776 724 umbris.
899 672 1007 738 lereqee
1019 672 1202 737 propinquenti
1213 678 1315 722 noctem
1326 672 1465 735 implicat3
1486 673 1533 723 ille
1544 672 1661 726 fstisueu

116 741 152 790 Et
170 743 219 790 leus
240 742 350 806 puniceo
368 754 455 804 regem
473 755 532 802 spes
552 754 618 789 sene
635 741 682 790 sub
700 749 759 790 ortu
898 741 930 790 in
952 750 1031 805 caput
1048 742 1125 806 inque
1147 743 1266 791 humerus
1286 741 1344 804 lpse
1361 741 1386 790 ri
1404 743 1485 791 molis
1502 751 1531 793 et
1546 745 1603 795 iree

115 811 263 873 thuieret‚
277 811 379 875 quentis
394 825 444 858 nos
464 825 514 858 une
530 808 663 860 diremerit
680 810 755 861 undis
824 814 874 861 540
899 810 1021 874 Prurnit;
1040 810 1140 860 insedit
1169 818 1289 875 totusque
1312 810 1440 860 incumbit
1466 810 1549 863 lason
1617 817 1660 863 Μ

116 880 283 940 Aesoniden;
302 880 400 929 liberne
417 877 484 928 freto
503 879 552 927 iam
571 881 656 928 vultus
675 887 776 942 operto,
899 879 1029 944 Desuper,
1048 887 1127 945 etque
1141 880 1192 929 ruis
1208 878 1321 929 defixum
1338 878 1448 929 datibus
1466 888 1556 943 urget.

116 949 203 1014 thue
217 950 287 1012 prius
301 955 382 999 totum
394 948 470 998 sileat
483 963 569 997 mere:
589 950 700 1013 dumque
716 965 747 999 ee
763 950 839 1015 longe
899 949 987 1013 thue
1002 947 1076 999 dedit
1096 950 1184 998 vinclis
1202 947 1336 1012 relidoque
1356 950 1505 999 obstrinxit
1519 959 1618 1010 eretru.

116 1018 262 1082 Explorate
280 1026 368 1082 quest,
385 1025 475 1067 contre
495 1019 566 1066 venit
584 1018 667 1067 Arcus
686 1018 783 1068 Echion
897 1020 1012 1068 Suscitat
1033 1019 1087 1083 ipse
1108 1033 1185 1081 genu,
1201 1033 1329 1083 saeveque
1345 1019 1402 1081 egit
1417 1019 1534 1083 insuper
1550 1023 1633 1073 baete.

119 1089 196 1137 Dicta
214 1086 317 1137 ferens:
338 1089 387 1137 lem
406 1086 519 1135 Circeeis
538 1087 661 1136 Mavortis
680 1088 704 1136 in
724 1090 793 1151 egris
898 1088 956 1137 Nou
974 1088 1059 1147 aliter,
1078 1088 1163 1138 medio
1182 1103 1256 1152 quem
1275 1088 1296 1136 si
1314 1088 1416 1137 telluris
1438 1088 1514 1137 biatu

116 1158 192 1206 Stare
212 1157 301 1218 sirum,
315 1156 390 1206 deret
402 1157 538 1219 aeripedes
551 1157 576 1205 in
596 1158 693 1220 proelis
708 1166 805 1208 tunsos.
823 1162 872 1209 555
895 1157 981 1219 Terga
998 1157 1108 1207 recentis
1120 1156 1179 1220 equi
1197 1157 1358 1221 primumque
1375 1157 1476 1206 invasit
1490 1159 1604 1210 habenis
1620 1165 1661 1212 555

117 1227 157 1276 En
175 1241 259 1288 vocor,
276 1239 309 1275 en
330 1228 405 1284 ultro,
423 1225 497 1288 disis,
508 1241 617 1291 spesque
641 1226 744 1276 eddidit
759 1226 839 1277 ensa!
898 1227 1024 1287 Murmur,
1040 1232 1067 1277 et
1087 1226 1112 1276 iu
1137 1241 1236 1276 summe
1251 1225 1375 1289 Lapithes
1391 1230 1524 1289 apparuit
1542 1229 1621 1280 Οιιι.

118 1296 171 1345 Vos
187 1296 247 1344 mibi
268 1310 337 1344 nunc
349 1295 457 1359 primurn
477 1296 502 1344 iu
520 1297 609 1357 glebas
622 1296 743 1345 invertite
757 1298 824 1346 tauri
898 1295 956 1357 ilie,
976 1296 1046 1345 seint
1064 1310 1168 1359 campus
1186 1296 1280 1359 Libyes
1294 1310 1324 1345 ec
1338 1295 1453 1358 pinguia
1470 1296 1527 1346 Nili

120 1367 253 1428 Aequora,
273 1379 340 1413 nunc
354 1371 420 1414 totas
434 1365 533 1427 eperite
551 1371 579 1414 et
597 1365 691 1414 volvite
704 1365 839 1427 flemmes;
898 1365 1002 1415 Fertilis
1019 1378 1081 1414 erse
1102 1371 1184 1424 secet,
1197 1367 1275 1428 plena
1296 1365 1331 1413 sic
1343 1364 1451 1415 semina
1468 1365 1572 1418 dextra

121 1434 207 1483 Esset
226 1434 368 1483 Haemonio
386 1434 474 1483 messis
494 1434 658 1484 memorande
676 1436 776 1498 colono,
897 1436 1027 1498 Spargere
1043 1432 1141 1498 gaudet
1159 1435 1237 1496 egris,
1253 1439 1397 1497 oneratque
1422 1438 1536 1486 novelle
1560 1439 1635 1489 bello.

117 1503 207 1568 Tuque
221 1509 290 1552 tunm
306 1504 374 1567 parti
392 1503 497 1551 Greinm
510 1502 634 1566 da,nete,
648 1502 804 1555 draconem:
823 1508 873 1554 550
898 1505 1007 1553 Martius
1029 1504 1070 1554 bic
1095 1504 1205 1567 primum
1218 1511 1258 1551 ter
1274 1517 1379 1552 sumere
1398 1500 1481 1554 fresne
1499 1507 1536 1556 eb
1551 1507 1607 1571 ipsu
1622 1510 1662 1559 tlt

118 1572 204 1636 lpsius
218 1571 342 1636 edspectn
358 1578 469 1635 pereant
485 1574 510 1621 in
530 1574 636 1634 uellera,
656 1580 683 1622 et
696 1573 752 1636 lpse
897 1573 1018 1636 clergor,
1032 1579 1059 1622 et
1074 1587 1107 1622 ee
1124 1572 1193 1622 omni
1208 1578 1349 1622 sonuerunt
1364 1586 1472 1623 cornua
1497 1578 1589 1638 enluuq

117 1642 202 1704 'Perge
220 1643 280 1691 mibi
300 1642 368 1692 diros
386 1648 492 1691 servent
509 1639 606 1692 infecte
624 1657 737 1692 cruores.
899 1642 1026 1692 belletris
1045 1649 1099 1692 tum
1115 1642 1191 1706 plebe
1209 1642 1290 1706 queti,
1307 1641 1469 1707 periterqne
1482 1647 1575 1696 creeri

117 1710 208 1773 Fatum
227 1719 253 1761 et
272 1709 358 1760 effusis
376 1710 455 1774 pendi
472 1711 543 1760 iubet
563 1726 674 1776 eequore
693 1710 781 1762 teuris.
899 1712 1051 1776 Armerlqee
1069 1711 1183 1775 pbalenx
1205 1710 1316 1775 totisque
1330 1711 1477 1773 insurgere
1494 1717 1608 1779 cenpis.

119 1782 185 1829 Pers
203 1786 231 1829 et
249 1780 365 1830 Echinoii
383 1782 494 1828 subeunt
511 1780 631 1830 immeuie
648 1780 733 1830 dentis
898 1780 982 1830 Cessit
1006 1787 1034 1829 et
1049 1779 1083 1829 ed
1104 1780 1182 1830 sosius
1203 1781 1307 1843 pauiuse
1325 1792 1354 1829 se
1373 1782 1472 1831 retulit
1489 1783 1574 1835 beros

119 1850 233 1910 Semina,
255 1864 315 1912 pars
330 1848 380 1898 diri
396 1854 499 1910 portant
515 1864 593 1912 prese
608 1850 684 1898 robur
699 1847 788 1898 aratri.
824 1852 873 1900 555
898 1850 1056 1912 Opperiens,
1074 1849 1117 1898 ubl
1134 1849 1216 1913 prime
1233 1848 1280 1899 sibi
1302 1847 1509 1913 deretegmine
1526 1856 1606 1905 telles
1623 1857 1661 1905 sll

119 1919 158 1969 At
174 1933 220 1967 sne
236 1919 424 1981 magnanimum
444 1923 534 1967 contre
555 1918 671 1980 Pagssea
688 1920 806 1968 iuventus
899 1918 1027 1969 Aduerso.
1063 1917 1100 1967 Ut
1123 1918 1226 1968 summis
1245 1919 1295 1966 iem
1311 1932 1373 1966 rnre
1389 1920 1531 1971 recedere
1541 1926 1624 1975 cuiatis

119 1988 287 2053 Prosequitur
303 1988 433 2052 stipatque
448 1987 555 2047 ducem;
576 1995 627 2037 tum
644 1990 754 2038 mexlme
767 1989 874 2053 quisque
899 1986 971 2037 Vidit
989 1993 1016 2036 et
1035 1984 1129 2037 infesta
1147 1988 1276 2036 vibrantes
1295 1984 1399 2036 casside
1422 1995 1529 2055 tersas,

119 2057 195 2106 Dicta
213 2058 296 2119 dedit,
318 2059 452 2122 saevisque
474 2059 562 2120 procul
580 2058 697 2107 discessit
714 2060 747 2107 sb
762 2059 840 2121 egris.
898 2057 1030 2107 Advolat:
1050 2061 1127 2122 etque
1147 2057 1197 2105 isno
1217 2057 1292 2106 tellus
1314 2070 1365 2120 qea
1382 2060 1513 2119 proxime
1531 2063 1609 2124 sollu,

119 2127 227 2176 lilaeret
244 2127 286 2176 ille
305 2125 409 2189 gradus,
427 2132 530 2191 totoque
545 2141 577 2176 es
592 2127 692 2189 agmine
709 2129 777 2176 solus
899 2126 1016 2176 Necdum
1038 2126 1137 2175 bumeri
1151 2124 1241 2175 sidere
1255 2124 1334 2187 diens,
1354 2127 1432 2189 prior
1450 2145 1518 2180 enee
1540 2131 1637 2198 sequeei

121 2197 222 2257 Stebet,
239 2203 267 2244 ut
281 2196 403 2245 extremis
423 2196 541 2245 desertus
555 2197 587 2245 eb
608 2197 789 2259 orbibusab,
825 2201 874 2247 550
899 2196 1004 2260 Aequst
1018 2195 1094 2245 bemn
1109 2202 1228 2245 nuucos:
1240 2195 1342 2244 rutilum
1358 2197 1478 2249 tborem
1493 2203 1658 2266 sequentis!

119 2265 203 2316 Quem
218 2266 268 2314 iens
285 2269 352 2315 lssss
370 2265 425 2315 dies
445 2267 583 2330 Austrique
597 2265 714 2315 ardentis
733 2280 839 2329 ereuse,
899 2266 953 2314 Ant
971 2264 1066 2327 primus
1083 2280 1100 2313 e
1120 2270 1201 2313 metre
1224 2278 1314 2314 manus
1331 2266 1436 2326 premit
1457 2270 1558 2322 obvies
1573 2282 1636 2322 aete.

120 2338 174 2385 Aut
193 2349 268 2400 quem
289 2336 416 2398 llisipeees
441 2342 586 2384 exstantem
606 2350 692 2385 rursus
708 2335 741 2384 ed
767 2351 840 2386 arces
899 2334 955 2384 Nec
974 2334 1054 2397 merie
1072 2340 1118 2383 ent
1135 2333 1302 2383 iiliseutillis
1316 2333 1436 2384 millibus
1455 2339 1532 2389 ultra

118 2403 170 2454 Nix
190 2411 216 2453 et
234 2406 346 2454 caerulei
364 2406 464 2453 Boreae
482 2403 551 2453 ferus
570 2405 677 2454 abstulit
694 2405 800 2465 lsorsor;
898 2401 1007 2463 Sufficit,
1030 2401 1063 2452 ed
1079 2399 1153 2452 diree
1168 2416 1243 2466 qnam
1264 2417 1340 2466 quum
1357 2402 1528 2466 ‘liryntbine
1544 2409 1634 2475 essese

119 2473 205 2524 Quum
223 2474 305 2523 subito
320 2473 422 2523 attoniti
442 2475 586 2537 longissime
602 2474 722 2523 Phasidis
736 2474 805 2525 unda
899 2472 1011 2535 Agmine
1029 2471 1160 2521 Palladios
1178 2469 1296 2521 defessus
1314 2472 1425 2534 respicit
1448 2477 1542 2541 ignea,

120 2543 311 2607 Ceuoesieeque
333 2543 420 2592 trabes
439 2545 571 2607 omnisque
587 2543 681 2592 Aeetie
696 2544 772 2591 tellus
824 2547 873 2593 555
899 2541 1067 2604 Ergnlternm
1076 2540 1110 2601 ed
1123 2541 1205 2590 socias
1214 2547 1369 2589 conuertere
1378 2539 1654 2610 celebrassemus

119 2613 213 2671 Fuluii,
231 2620 257 2660 et
272 2613 395 2661 ardentes
408 2613 508 2660 stabule
523 2611 639 2660 effudere
657 2613 787 2661 fenebres.
899 2611 933 2658 lit
951 2612 1041 2671 galeae
1058 2624 1141 2659 nesus
1160 2623 1190 2658 ee
1209 2610 1310 2665 sincule
1328 2609 1449 2674 dissipet
1469 2617 1556 2680 imae,

121 2683 161 2730 Ac
180 2683 250 2730 velut
268 2696 300 2729 ex
319 2696 370 2729 une
388 2682 408 2728 si
427 2680 529 2743 quendo
547 2682 614 2730 nube
633 2680 730 2729 corusci
898 2680 1091 2743 cunctaturque
1110 2685 1197 2728 tamen
1217 2679 1314 2742 totique
1332 2694 1486 2737 occurrere
1506 2688 1581 2738 bellu

120 2748 165 2797 lre
184 2748 253 2797 loris
271 2750 345 2798 torsit
363 2750 477 2810 geminos
495 2751 642 2799 mortalibus
661 2751 742 2811 ignes,
899 2749 961 2811 ipse
975 2748 1062 2811 cupit3
1081 2762 1141 2812 spes
1156 2749 1226 2797 nulle
1243 2747 1328 2809 detur,
1349 2749 1387 2797 sic
1407 2752 1536 2820 nudique
1551 2758 1643 2807 deu!
1674 2806 1677 2811 ,

120 2819 176 2867 Aut
188 2816 239 2865 duo
253 2833 328 2880 quum
341 2819 437 2879 peritur
454 2826 579 2881 ruperunt
593 2819 692 2866 vincula
709 2816 779 2866 senti
897 2817 1055 2881 Terrigenae
1078 2817 1128 2867 iem
1148 2818 1221 2881 sique
1236 2817 1324 2878 duces,
1337 2819 1502 2888 clamorque
1521 2828 1639 2890 remeses
1674 2836 1677 2843 “

120 2887 243 2950 Dantque
253 2885 353 2948 fugens:
374 2887 409 2934 sic
419 2894 479 2934 tuuc
487 2888 603 2935 claustris
614 2889 694 2936 cussit
706 2894 814 2950 uterque
825 2891 874 2938 575
899 2886 1102 2952 lemqueomues
1112 2885 1191 2936 odere
1201 2886 1291 2947 sirum,
1299 2886 1405 2952 lemque
1417 2894 1516 2944 umule
1525 2894 1641 2947 contre!

119 2957 227 3015 Tenrus,
241 2960 268 3004 et
286 2956 389 3003 immani
407 2955 525 3017 proflavit
541 2956 642 3004 turbine
663 2955 779 3003 demmes
897 2957 961 3004 ‘l'ele
984 2955 1089 3006 soient:
1109 2961 1170 3005 tune
1189 2970 1248 3005 sero
1267 2970 1356 3007 emens
1376 2955 1543 3015 discrimine
1565 2974 1624 3021 unt

120 3025 228 3074 Arduus
246 3030 322 3088 etque
341 3031 397 3072 etro
416 3026 521 3073 volvens
539 3024 658 3072 incendia
676 3023 764 3072 linctu.
899 3026 984 3074 Quum
1001 3024 1076 3073 modu
1093 3025 1218 3074 Tertereo
1237 3026 1340 3088 geleem
1359 3025 1472 3080 Medea
1489 3049 1597 3085 senem

120 3092 228 3142 Horruit
247 3093 351 3155 Argoae
369 3095 435 3155 legio
454 3095 525 3154 retis,
543 3093 641 3141 horruit
659 3092 754 3154 andex,
899 3092 1027 3142 Infectam
1047 3093 1157 3143 dederat
1176 3108 1286 3159 ususque
1303 3105 1428 3147 ernsersst
1449 3102 1478 3150 in
1500 3105 1573 3167 illos,

120 3162 172 3213 Qui
190 3161 264 3211 modo
284 3162 402 3224 virgineis
420 3163 517 3211 servari
534 3162 650 3210 centibus
670 3161 731 3210 ides
899 3163 930 3211 lu
951 3163 1047 3212 medius
1068 3165 1160 3223 torsit3
1179 3177 1319 3213 conuersae
1339 3168 1468 3226 protinus
1489 3173 1592 3226 basus,

123 3232 226 3290 liebus,
243 3238 269 3281 et
287 3232 366 3280 insito
388 3232 519 3295 prospexit
533 3231 657 3280 Colchida
674 3234 754 3279 vultu.
825 3232 874 3278 515
899 3232 990 3283 Quelis
1012 3231 1054 3281 ubi
1077 3232 1199 3283 attonitos
1220 3239 1334 3282 meestee
1357 3233 1491 3302 Phrygas
1518 3234 1650 3294 moal*

120 3301 181 3349 Non
198 3301 256 3350 tulit
270 3301 325 3364 ipse
346 3316 429 3350 moras
442 3316 551 3367 seseque
573 3301 675 3349 immisit
689 3300 776 3359 Isson,
1324 3302 1374 3350 trie
1618 3304 1650 3355 tll

121 3370 242 3418 Diversus
260 3377 393 3435 postquem
415 3372 451 3419 ire
473 3371 553 3433 videt,
570 3372 722 3434 geleemqne
734 3370 874 3419 minantem
899 3369 951 3420 ire.
970 3369 1011 3417 sel
1030 3375 1151 3419 exsectos
1170 3369 1268 3420 iaceret
1286 3370 1398 3421 Bellone
1419 3386 1567 3439 cometen

121 3441 242 3498 (inesset,
263 3448 290 3489 et
310 3447 438 3489 errantem
459 3439 553 3489 dextra
574 3442 625 3489 ciet
644 3441 731 3489 obvius
746 3440 840 3502 ignem.
898 3434 1070 3487 Heud‘secus
1087 3454 1209 3489 accensas
1227 3439 1309 3490 subito
1326 3439 1434 3492 Medee
1455 3449 1580 3498 cohortes

122 3509 159 3556 Ut
178 3509 282 3558 leudem
304 3509 386 3569 stetit,
408 3517 435 3558 et
453 3516 567 3559 torvose
584 3509 777 3570 luminosioris,
900 3508 1028 3570 implicet,
1047 3514 1074 3557 et
1095 3508 1200 3558 miseros
1218 3510 1271 3571 egit
1289 3509 1314 3557 ln
1335 3524 1384 3559 sue
1406 3519 1520 3575 proella
1540 3518 1625 3568 fratres

121 3578 173 3627 Qui
195 3579 263 3640 prior
281 3578 383 3627 edversi
409 3579 523 3641 respexit
544 3578 642 3627 insonis
665 3594 754 3637 nrmss;
825 3579 874 3625 580
899 3578 989 3626 Omnis
1006 3577 1039 3625 ibi
1064 3577 1214 3628 Aesoniden
1236 3579 1315 3627 sterni
1337 3587 1439 3643 putat3
1461 3589 1580 3636 omnibu
1597 3585 1626 3633 ire

121 3648 263 3696 Cunctatus
282 3650 384 3710 peulum
403 3648 486 3696 subito
499 3647 575 3707 furit;
595 3662 707 3712 sequore
730 3661 780 3695 nou
805 3645 841 3695 sio
897 3647 1049 3695 Teliseret.
1086 3647 1181 3710 Stupet
1200 3649 1297 3697 Aeetes
1318 3651 1449 3715 ultroque
1472 3654 1587 3706 furentes
1612 3646 1644 3697 lli

121 3715 153 3764 lu
175 3719 290 3779 scopulus
311 3718 476 3775 insternunt,
495 3717 636 3782 eademqne
652 3715 778 3765 recedunt
899 3715 959 3777 ipse
979 3716 1046 3764 siros
1066 3729 1187 3765 revocare
1205 3717 1290 3781 cupit;
1310 3717 1357 3766 sed
1378 3731 1487 3774 cuneta
1503 3727 1609 3776 iacebunt

121 3785 215 3834 Frecte
232 3793 314 3835 retro:
335 3787 371 3834 bis
390 3785 518 3835 fulmineis
531 3801 558 3835 se
573 3786 675 3834 fletibus
693 3784 772 3834 infert
901 3785 1021 3847 Agmina,
1040 3799 1089 3834 nee
1105 3786 1236 3851 quisqnem
1250 3786 1347 3850 primus
1361 3790 1430 3852 snit,
1449 3801 1499 3844 eut
1516 3786 1639 3860 anpsrffl

122 3855 289 3920 obnubitque
305 3856 395 3913 sirum,
414 3856 460 3904 sed
481 3870 530 3904 nou
549 3855 669 3904 incendis
687 3854 790 3903 Colchis
900 3854 1042 3918 Linquitur,
1059 3861 1138 3918 atque
1164 3855 1249 3904 bausit
1269 3856 1353 3905 subito
1368 3873 1421 3908 aue
1440 3860 1540 3914 funere
1555 3861 1621 3914 telo

122 3924 263 3986 Adspirare
281 3925 349 3985 sinit,
365 3926 498 3990 clipeoque
517 3925 621 3974 illiditur
644 3924 709 3986 iguis
825 3925 874 3971 555
901 3924 1022 3972 Protinus
1037 3925 1062 3972 in
1078 3922 1184 3973 fiuvium
1201 3923 1358 3974 fumantibus
1376 3932 1475 3982 euolat
1494 3934 1572 3983 uarie

121 3993 250 4055 Frigidus,
270 4001 296 4042 et
315 3996 367 4041 uiso
386 3995 504 4057 pullescit
522 3994 624 4043 flamme
643 4007 752 4042 senene.
902 3992 1061 4043 Aesonides:
1081 3993 1163 4056 quelis
1178 3993 1268 4045 Getico
1287 3993 1320 4043 de
1342 3997 1462 4058 pulvere
1484 4003 1588 4052 Mavors
1610 3995 1646 4045 lii

121 4062 223 4112 ineidat
244 4063 386 4113 Aesonides
403 4065 522 4112 dextram
544 4065 620 4128 inque
639 4062 759 4112 sedentis
780 4060 858 4111 mittit
900 4062 986 4111 intrat
1002 4063 1073 4127 equis
1090 4063 1190 4128 uritque
1207 4066 1309 4128 parem
1329 4065 1478 4120 sudoribus
1494 4073 1613 4129 Hebrum,

121 4132 233 4192 Cornua,
245 4134 304 4182 dein
318 4135 376 4182 totis
391 4133 555 4196 propendens
571 4133 664 4181 viribus
678 4134 778 4181 beeret.
901 4131 955 4180 Aut
971 4131 1043 4194 niger
1061 4145 1094 4181 es
1109 4133 1191 4181 antris
1212 4134 1330 4197 rutilique
1353 4149 1369 4182 e
1388 4135 1512 4191 fulminis
1530 4147 1598 4191 seete

120 4202 179 4264 lile,
193 4205 273 4251 sirum
290 4208 366 4267 etque
388 4203 468 4265 ipsam
483 4208 543 4250 tunc
560 4209 594 4262 te,
610 4201 715 4263 Melies,
727 4215 858 4259 recusans,
900 4201 985 4251 Quum
999 4199 1061 4249 furit
1080 4207 1108 4249 et
1124 4202 1209 4251 Siculo
1224 4203 1334 4265 respirat
1353 4204 1379 4252 in
1396 4222 1520 4274 eeqnore
1533 4210 1636 4272 Cychv*
1680 4224 1683 4245 ¹

121 4273 250 4330 Concutit,
270 4279 297 4320 et
313 4279 367 4320 tole
388 4273 513 4321 nitentem
532 4272 648 4321 cornibus
664 4272 702 4320 ira
825 4273 875 4318 500
902 4270 1027 4320 Redditus
1047 4270 1088 4319 bic
1110 4270 1225 4334 tandem,
1241 4274 1375 4336 sociosque
1393 4281 1537 4340 amplexus
1551 4281 1650 4326 orentes·

121 4341 214 4390 Portet
231 4343 317 4399 iners;
337 4341 442 4389 tundem
455 4341 557 4403 presius
574 4342 672 4402 mugire
689 4337 806 4388 residens
900 4338 979 4388 lieud
994 4340 1042 4387 iem
1058 4339 1208 4390 mesrdacem
1224 4341 1348 4403 promisse
1363 4357 1511 4407 reposcere
1525 4345 1650 4410 rege-sss

121 4411 225 4474 Incipit,
243 4416 270 4459 et
287 4408 355 4459 fesso
374 4411 454 4459 uictus
472 4410 631 4461 descendere
649 4423 738 4458 cornu.
901 4409 1047 4470 Dignatur3
1066 4423 1124 4468 uec,
1140 4410 1227 4473 siipse¹
1239 4411 1286 4459 sibi
1302 4417 1378 4473 terge
1393 4414 1505 4478 ingerat
1525 4420 1597 4472 ultre.

122 4480 235 4542 Respicit
256 4480 314 4528 binc
334 4481 424 4540 socios,
438 4480 558 4529 immania
572 4480 672 4528 vincule
687 4492 806 4543 poscens,
900 4478 951 4528 Qui
968 4477 1075 4540 pepigit,
1094 4480 1156 4528 selis
1173 4480 1198 4529 ln
1219 4494 1308 4542 pacem
1324 4479 1508 4552 dextramqae
1522 4483 1613 4536 reverti

121 4548 276 4611 Aesonides,
291 4550 392 4613 iamque
404 4565 449 4598 ora
461 4551 724 4612 premittrslsiturqne
737 4546 875 4611 trebltqne,
900 4547 1031 4610 Amplius:
1050 4549 1125 4597 embo
1140 4555 1236 4612 truces,
1252 4550 1327 4599 ambo
1344 4552 1506 4607 abscessere
1516 4558 1639 4606 seinutcs·

174 4702 212 4746 ill
230 4703 434 4758 vultuell‚lllsq.
461 4703 502 4746 555
517 4714 570 4744 uum
586 4703 711 4759 lisplorare
723 4702 814 4756 purast
828 4699 867 4743 Sic
880 4699 951 4743 etiam
966 4700 1022 4743 Pius
1036 4713 1055 4744 e.
1082 4699 1123 4744 545
1136 4713 1190 4756 spes
1204 4698 1232 4743 ed
1246 4704 1374 4746 temerarie
1387 4707 1528 4753 endeadnn
1543 4702 1653 4761 iestiseril

120 4757 161 4800 555
175 4757 227 4801 edd.
241 4766 334 4813 praeter
351 4758 402 4802 Ald.
416 4759 440 4802 ie
450 4761 559 4810 fieremus
573 4757 692 4801 invertite.
732 4755 774 4799 555
787 4754 902 4809 Aequore,
916 4756 1009 4810 plenum
1023 4754 1144 4808 solidumq.
1158 4768 1269 4811 rampses.
1287 4758 1371 4812 wege.
1413 4763 1462 4807 ιω
1475 4765 1513 4817 a,
1525 4775 1617 4821 appu,
1628 4767 1651 4801 es

120 4811 209 4866 possiet
222 4813 275 4857 «luel
289 4813 400 4857 eusilium
414 4813 484 4857 ferre.
510 4813 548 4854 551
565 4818 669 4869 pereant,
682 4813 739 4868 quie
754 4810 843 4853 vellere
856 4817 882 4853 et
895 4809 945 4864 ipse
960 4810 1041 4853 llelus.
1056 4809 1095 4854 Sis
1109 4811 1187 4854 burm.
1200 4812 1312 4856 esterlseu
1325 4817 1409 4859 neraei
1427 4819 1539 4868 praedae.
1563 4816 1652 4861 lieris·-

120 4872 157 4909 tes
171 4869 356 4921 procumbentis
371 4870 453 4918 sellus.
467 4867 526 4923 quod
541 4868 692 4910 sufereednm
706 4871 867 4920 mseeperuss,
880 4870 906 4907 et
920 4865 943 4907 ld
957 4866 1040 4919 ipsum,
1053 4866 1122 4922 ipser.
1135 4879 1218 4909 eruore
1232 4879 1367 4923 esperenn.
1381 4870 1430 4917 diri
1447 4875 1576 4919 son-lala
1589 4878 1652 4915 eser

121 4927 200 4964 mente
214 4930 300 4968 servet„
343 4926 383 4968 554
397 4926 504 4975 subeunt,
517 4923 568 4965 sinn
584 4923 682 4964 vestiam
697 4921 821 4976 excipiunt
835 4921 919 4975 Wage.
945 4920 987 4964 555
999 4933 1048 4975 sqq.
1062 4925 1090 4963 nt
1120 4921 1241 4973 lanatum,
1255 4923 1314 4976 qued
1328 4930 1406 4969 ueteri
1420 4941 1509 4972 enrree
1523 4937 1576 4984 pest
1587 4940 1610 4970 ee
1621 4932 1650 4964 lt·

120 4975 249 5029 liquerunt,
263 4979 322 5033 quud
336 4981 370 5047 sol
384 4980 496 5029 ocoldeas,
509 4978 547 5021 vei
562 4978 594 5029 (ie
608 4977 697 5026 Afrleel
720 4988 810 5020 ereeer.
826 4975 914 5031 tumuli
924 4976 1000 5043 subite
1013 4934 1119 5028 excitetfi
1129 4982 1170 5019 eut
1183 4985 1264 5020 nostre
1277 4978 1440 5075 (hedam)
1460 4983 1509 5029 libi
1527 5016 1534 5028 .
1554 4983 1582 5028 ed
1597 4983 1650 5023 ere·

97 5049 103 5062 ’
119 5035 478 5144 imminuerint*
490 5029 1650 5141 trimi·:tz.⁰.⁰·.·u‘t„l.·.l”lzni‘tituletisliu...‘=:t:.tli..,.·.⁰.l.tl

122 5143 166 5193 als,
181 5141 248 5185 fresa
261 5142 350 5196 ieleelt,
364 5145 418 5200 quisi
435 5143 476 5187 uid
490 5144 609 5188 frenderet
622 5148 647 5185 et
661 5147 780 5185 reeueeret
793 5153 874 5195 equus.
885 5140 968 5207 ll'eqa.
993 5141 1175 5197 assequentis.
1200 5143 1241 5186 dli
1254 5154 1353 5198 ιιςιιι.
1371 5144 1421 5191 Sed
1436 5149 1493 5205 lg..
1505 5138 1649 5193 nme&

120 5203 237 5242 treeeete.
262 5199 303 5242 555
317 5199 373 5255 erit,
386 5158 444 5244 lesit
456 5204 484 5243 st
496 5198 615 5254 tebeesat3
628 5209 723 5254 gravem
738 5196 841 5240 llslree
855 5195 963 5252 intellege
978 5195 1078 5249 tardae,
1090 5195 1171 5253 qelste
1184 5194 1335 5243 eumen.
1372 5201 1417 5249 ιιι
1430 5206 1486 5249 m
1498 5203 1579 5250 ιω..
1588 5214 1606 5246 e
