3586 5498
115 256 189 326 tta
353 281 385 327 r.
409 277 549 325 ocrnrr
575 274 754 321 ansonis
779 274 1192 322 neranonenosnos
1218 276 1298 323 arn.
1322 276 1399 323 xrrr.

113 450 243 511 Concltst,
262 464 279 499 o
299 450 368 511 socii,
383 456 485 512 captam
499 448 631 498 dimittere
643 444 764 496 Troia-t
890 448 935 497 bie
950 446 1081 507 uiarum,
1098 452 1194 511 qsasto
1205 456 1282 511 eugas
1295 446 1454 499 nenlnlsre
1465 446 1570 499 dabre
1622 452 1667 501 11

116 519 219 571 Quidve
234 519 336 569 danuam
352 518 427 568 fertis
442 519 550 579 deciam,
565 517 614 565 nisi
632 515 756 577 dedecus,
777 520 865 565 annul
889 518 1021 581 Temporis
1034 517 1109 577 iliius,
1127 531 1186 581 quo,
1204 516 1309 566 Graiam
1328 531 1434 578 murus,
1466 518 1598 569 nenium

114 590 219 638 Talibus
240 597 317 652 stqne
336 589 401 647 aliis,
419 590 444 636 in
463 602 530 652 qnae
546 586 620 636 dolor
636 586 691 647 ipse
706 583 831 634 disertnar
891 586 1042 635 Procubuit!
1060 600 1109 634 nec
1124 599 1165 634 ure
1181 586 1320 647 lacrimae,
1338 588 1501 653 luctusque,
1523 588 1654 655 tinorqis

116 660 235 718 Fecerat,
253 673 356 706 aversos
369 656 477 721 proiirga
494 658 527 706 de
546 659 629 705 classe
643 653 744 702 renuat.
888 656 1044 714 Tardsrnnt,
1062 654 1122 720 quin
1141 668 1233 718 corpas
1250 656 1325 704 bomo
1348 656 1469 707 sublime
1490 656 1639 709 ret'errera.

115 728 246 776 Convocat
265 727 372 775 Atrides
389 728 468 775 socios
487 736 586 776 terrore
605 728 745 787 parentes:
814 727 865 772 222
890 725 1065 784 iiishuneris,
1073 726 1121 784 his,
1128 725 1240 788 inquere,
1248 725 1362 775 hauseris
1368 740 1422 789 ego
1432 740 1540 790 corpus
1552 726 1667 789 neuun

115 796 170 846 Nec
179 797 375 845 Telamoniades
392 798 470 844 etiarn
489 810 556 844 nunc
575 796 673 842 hiscere
691 790 829 855 quidquam
892 795 1219 857 Staienularmatali,qnae
1230 793 1495 859 nuncqaoquet‘erre
1507 798 1666 849 nooman

115 866 223 925 Andet;
243 874 269 914 et
292 880 368 913 nrrsas
387 874 443 915 erat
463 879 537 927 reges
552 866 680 912 incessere
692 860 768 910 dictis
890 867 955 912 Sunt
976 864 1046 921 milti,
1060 876 1127 927 quae
1143 865 1246 912 valeant
1262 864 1288 911 in
1305 866 1367 912 talia
1379 865 1525 927 pondera,
1548 868 1638 929 vireu

114 936 254 995 Thersites,
269 937 346 983 etiam
368 948 469 997 perure
484 933 552 981 haud
567 931 831 994 impunefflroterrls.
890 934 938 982 Est
955 933 1053 981 animas
1071 939 1169 981 nestros
1186 940 1257 981 certe
1275 946 1396 983 sensnrns
1418 936 1559 986 bonores.

115 1004 216 1065 Erigor,
233 1014 260 1051 et
274 1004 388 1066 trepidos
404 1004 473 1052 cives
490 1004 612 1051 enbartor
629 1002 655 1048 ia
671 1000 779 1061 hortere,
889 1002 992 1050 Scilicet
1009 1001 1102 1051 idcirco
1119 1016 1166 1063 pro
1185 1008 1263 1065 gnato
1280 1005 1385 1051 caerula
1403 1012 1502 1054 mater

115 1073 295 1137 Amissamque
312 1088 370 1121 area
386 1075 506 1121 virtutem
523 1086 583 1120 roce
596 1082 712 1132 reporta.
815 1072 864 1116 m
892 1072 1034 1121 ambitiosa
1051 1084 1097 1121 suo
1114 1068 1172 1132 init,
1191 1080 1219 1119 nt
1235 1072 1356 1120 melcina
1374 1071 1463 1133 duna,

114 1143 240 1205 Tempore
257 1145 289 1190 ab
304 1142 549 1205 boeqnodcnrnque
566 1136 754 1203 potestiecisse
768 1136 849 1186 videri
892 1142 961 1191 Artis
975 1154 1038 1202 opus
1056 1146 1154 1199 tanne,
1179 1140 1250 1189 rudis
1264 1147 1290 1188 et
1306 1142 1362 1189 sisse
1376 1149 1499 1203 pectore
1514 1144 1599 1195 aniles
1621 1148 1667 1195 222

114 1212 228 1261 Fortiter
247 1212 305 1269 iste,
319 1225 403 1260 meum
418 1220 473 1271 est3
492 1211 652 1275 quidantem
672 1215 745 1270 terga
759 1207 865 1256 retraai
892 1211 1032 1259 induerett
1054 1222 1137 1272 neque
1155 1210 1223 1258 enias
1240 1210 1316 1273 clipei
1333 1212 1494 1261 caelamina
1514 1214 1608 1273 novit,

115 1283 233 1345 Denique
245 1281 278 1329 de
295 1282 391 1329 Danais
411 1282 508 1345 quiete
525 1280 647 1328 laudatve
662 1279 778 1339 petitset
891 1280 1034 1338 Oceanum,
1051 1285 1078 1328 et
1096 1287 1187 1337 terras,
1207 1293 1316 1344 curnqne
1338 1279 1393 1328 alto
1408 1280 1513 1331 sidera
1533 1286 1625 1345 coelo,

115 1350 153 1401 At
165 1367 211 1399 sna
227 1349 340 1413 Tydides
355 1364 454 1399 meeum
474 1350 645 1399 communicat
659 1354 734 1407 acta;
892 1348 1077 1415 Pleiadasque,
1101 1347 1260 1412 Hyadasqne
1269 1384 1277 1412 ,
1309 1350 1516 1415 immunemque
1549 1354 1672 1419 aeqasn's

115 1421 161 1468 bie
177 1422 278 1482 probat,
295 1429 321 1470 et
336 1421 403 1468 socio
419 1434 521 1483 semper
532 1417 638 1468 eonnun
657 1415 743 1465 Ulixe.
816 1416 866 1462 210
1315 1417 1428 1481 Arcton,

114 1490 162 1537 Est
181 1490 285 1552 aliquid,
301 1491 335 1537 de
352 1497 390 1538 tot
408 1489 543 1537 Graiorum
563 1487 681 1543 millibus,
700 1496 780 1533 sunta
891 1486 1063 1550 Diversaeque
1076 1485 1162 1545 nrbes,
1176 1486 1337 1550 aitldnroqne
1352 1485 1467 1537 Orionis
1487 1504 1602 1543 eusern.

117 1561 140 1607 Α
155 1558 279 1606 Diomede
293 1559 351 1621 legi.
389 1559 444 1607 b'ec
458 1573 498 1607 are
520 1571 575 1606 sors
590 1558 628 1605 ire
640 1554 762 1603 iubebat:
892 1557 1018 1615 Postulat,
1036 1562 1065 1602 ut
1078 1556 1174 1618 capiat,
1192 1568 1326 1621 quaem
1340 1556 1483 1620 iutelligit,
1501 1568 1603 1613 arraal
1627 1566 1678 1617 221-

116 1628 158 1676 Sic
179 1635 264 1675 tamen
282 1636 308 1676 et
326 1634 413 1689 spreto
429 1630 560 1691 numisque
578 1625 710 1687 hostisque
727 1622 833 1687 periclo,
892 1624 971 1683 unia,
987 1623 1055 1689 quod
1074 1639 1123 1683 me,
1144 1625 1202 1674 dun'
1219 1624 1359 1686 lugientem
1375 1641 1498 1679 manera
1513 1632 1597 1697 helil,

115 1699 214 1745 Ansnrn
226 1696 326 1755 eadere,
339 1711 405 1760 quae
421 1711 475 1757 uos,
494 1696 607 1759 Phrygia
625 1693 752 1754 degente
768 1692 867 1740 Dolona
893 1696 986 1757 deguit
1003 1695 1105 1756 incepto
1123 1709 1208 1743 serum
1227 1696 1363 1745 accessisse
1386 1698 1498 1757 laburi3

117 1766 255 1824 interims;
274 1781 324 1814 non
341 1773 403 1814 ante
418 1774 515 1825 minen,
530 1778 606 1829 quara
625 1771 719 1811 macta
732 1762 803 1823 coegi
816 1763 866 1809 211
893 1765 948 1813 Nec
960 1778 989 1811 se
1007 1765 1167 1824 magnanimo
1183 1763 1337 1813 maledicere
1352 1765 1434 1815 sentit
1458 1768 1592 1820 Aenrtnr

115 1834 241 1893 Prodere,
255 1841 281 1883 et
297 1835 401 1896 edidici,
417 1835 479 1899 qnid
492 1834 594 1899 perlida
612 1832 686 1880 Troia
702 1838 815 1894 pararet.
892 1834 919 1881 Si
935 1834 1068 1882 simulasse
1086 1842 1161 1881 vocat
1173 1835 1285 1893 crimem
1302 1835 1602 1890 simulavimusarabo.

117 1906 212 1953 Omnia
225 1920 371 1966 cognoram,
392 1916 449 1963 nec,
465 1905 525 1970 qnid
542 1902 701 1967 specularer,
715 1901 851 1961 lrabebmq
892 1903 920 1950 Si
935 1915 1006 1951 mora
1018 1914 1064 1964 pro
1079 1903 1155 1965 culpa
1170 1911 1228 1961 est;
1252 1917 1299 1965 ego
1317 1918 1371 1952 snm
1387 1910 1532 1959 maturior
1550 1910 1609 1961 ille.
1627 1912 1674 1959 U

116 1974 151 2021 Et
165 1974 214 2021 inm
228 1976 351 2036 premiere
365 1982 481 2036 poteram
494 1988 550 2023 cunr
568 1972 645 2021 laede
661 1971 766 2019 neena
893 1972 937 2020 bie
956 1972 1000 2034 pla
1015 1970 1125 2019 detinuit
1139 1972 1250 2032 mulus,
1267 1974 1310 2035 pia
1326 1980 1411 2021 mater
1429 1975 1592 2043 Achillem,

116 2043 193 2092 Hand
212 2050 346 2092 contentns
364 2058 405 2102 en,
423 2045 485 2106 petii
503 2044 615 2093 tentoria
634 2042 723 2101 Rhesi,
894 2043 1030 2105 Primaque
1045 2048 1105 2088 snat
1120 2040 1169 2089 illis
1183 2040 1246 2091 data
1265 2050 1390 2105 tempora,
1409 2053 1515 2097 uetera
1536 2050 1629 2101 vebis.

114 2112 198 2175 inque
214 2113 361 2175 saisipssnr
379 2114 470 2162 eastris
484 2115 641 2175 comiterque
658 2108 775 2173 peremi;
817 2109 869 2156 bib
894 2109 972 2159 iland
987 2110 1079 2170 timeo,
1094 2110 1115 2158 si
1130 2109 1180 2159 iam
1196 2124 1296 2175 nequeo
1311 2110 1460 2163 defendere
1483 2120 1599 2170 erisne.

115 2182 203 2245 Atque
220 2184 256 2231 ita
274 2184 377 2245 captivo
394 2185 474 2232 rictm
492 2184 607 2247 votisque
625 2180 732 2243 potitus,
892 2180 957 2229 Cum
971 2185 1043 2228 tanto
1060 2192 1194 2228 oumrsnne
1219 2181 1280 2230 siro.
1317 2182 1474 2243 Deprensus
1496 2186 1595 2239 urrais

115 2252 250 2313 ingredior
266 2266 342 2301 curra
362 2254 442 2302 laetos
460 2254 578 2302 imitante
597 2252 747 2311 triumphes.
895 2250 1001 2310 iugenio
1014 2255 1100 2298 mineo
1117 2249 1176 2308 ine,
1198 2256 1225 2298 at
1246 2265 1296 2299 non
1318 2251 1404 2300 iliacis
1424 2252 1541 2307 Ulixes.
1629 2262 1674 2311 us

115 2321 193 2370 Cnins
208 2336 287 2385 equos
301 2323 411 2384 pretium
426 2332 562 2385 protracte
578 2326 732 2384 poposcerat
745 2315 834 2374 boetia,
894 2320 967 2369 b'ers
982 2318 1008 2365 ln
1024 2332 1064 2367 nne
1079 2317 1188 2367 stolidae
1209 2320 1323 2368 convicia
1343 2318 1459 2370 fundere
1481 2326 1605 2389 linguae

115 2389 196 2439 Arma
214 2400 308 2453 nepote
327 2393 403 2451 mihi,
422 2392 552 2456 fueritque
571 2388 704 2451 benignior
723 2387 800 2436 dias.
896 2388 1060 2437 Admiremnr
1074 2401 1148 2446 eum3
1173 2389 1243 2437 robis
1264 2404 1362 2453 quoque
1379 2390 1464 2452 digna
1481 2397 1602 2457 pedon

115 2461 182 2509 Quid
199 2460 269 2523 Lycii
284 2459 394 2508 ret'eraan
410 2462 567 2523 Sarpedonis
586 2460 687 2521 agmina
701 2454 770 2504 ferro
817 2456 868 2502 222
895 2458 999 2507 obiicit.
1040 2456 1081 2505 Au
1100 2454 1164 2505 l’also
1184 2456 1344 2508 Palameden
1361 2461 1473 2509 erirsiine
1496 2470 1590 2531 turpe

114 2528 257 2578 Devastata
276 2537 350 2578 tneor
367 2544 443 2593 quarn
460 2534 540 2579 inulto
560 2528 684 2589 sanguine
700 2525 757 2575 t'udi
895 2528 1037 2577 Accusasse
1056 2526 1125 2587 mihi,
1143 2527 1214 2574 vobis
1227 2527 1364 2576 damnasse
1380 2528 1517 2583 decoram
1539 2542 1610 2587 aer

114 2598 248 2647 Coeranon
276 2598 423 2661 1pbitiden,
449 2607 476 2647 et
504 2598 692 2665 Alastoraque,
711 2592 869 2643 Chaoniam·
895 2597 947 2645 Sed
960 2594 1316 2659 aequetisupnadeslaclnus
1327 2596 1477 2649 defendere
1488 2609 1618 2667 taratara,
1628 2610 1675 2657 211

539 2681 598 2731 qne.
893 2667 1007 2729 Tamque
1020 2672 1121 2728 patens,
1144 2666 1239 2713 saluit:
1261 2681 1309 2715 nec
1327 2681 1371 2715 ros
1388 2669 1505 2720 audistis
1523 2674 1555 2723 in
1572 2676 1621 2725 illo

116 2735 341 2800 Alcandrumque,
360 2736 531 2801 Haliumque,
551 2738 751 2799 Noemonaque,
777 2731 869 2793 Pryn·
895 2735 1024 2793 (irimina3
1044 2734 1150 2795 vidistis,
1169 2736 1302 2799 pretioque
1319 2737 1421 2785 obiecta
1440 2744 1599 2801 patebant,

539 2806 646 2868 nisique,
897 2807 951 2852 Nec
967 2803 1145 2853 Poeantiaden
1160 2804 1229 2868 qnod
1251 2807 1327 2853 habet
1346 2807 1478 2858 Vulcania
1496 2810 1638 2877 Lemnos,

115 2874 251 2938 Exitioqne
268 2874 330 2923 dodi
349 2888 405 2921 cunr
427 2874 640 2923 Chersidamante
658 2871 773 2929 Thoona,
895 2872 959 2921 iisse
974 2886 1034 2921 reus
1053 2873 1149 2922 merui:
1174 2871 1268 2922 factum
1287 2874 1422 2925 defendite
1440 2888 1585 2935 nestrum.

115 2940 870 3007 Etcnaropem‚lsstsquetumtrnusauuomunaera-,aaa
897 2942 1158 3001 Qsaeenstiseuim,
1177 2958 1225 2993 nec
1239 2958 1280 2992 me
1297 2947 1407 2995 suasisse
1422 2950 1549 3013 negabo,
1628 2957 1676 3007 m

116 3013 217 3075 Quique
231 3014 314 3060 minus
331 3015 447 3062 celebres
461 3022 549 3061 nostra
564 3014 611 3059 sub
626 3009 756 3058 menibus
773 3006 841 3054 urbia
897 3011 933 3059 Ut
951 3026 978 3060 se
993 3014 1156 3061 subtraberet
1180 3014 1289 3077 bellique
1310 3014 1416 3079 viaeque
1432 3017 1536 3080 labori,

115 3083 281 3131 Procnbnere
298 3096 383 3131 manu.
412 3084 476 3131 Sunt
494 3083 595 3130 etmihi
613 3082 729 3135 vulnera,
743 3078 821 3138 cites,
895 3083 1071 3145 Tentaretqne
1084 3080 1152 3131 l'eros
1167 3083 1253 3145 requie
1271 3085 1352 3132 lenire
1367 3085 1484 3135 dolores.

116 3151 177 3214 ipso
192 3153 298 3214 pulchra
317 3154 387 3200 loco:
405 3167 455 3201 nec
469 3152 541 3200 vanis
555 3149 656 3199 credite
671 3147 764 3195 serbis.
896 3150 1002 3211 Parnit;
1021 3162 1049 3199 et
1067 3152 1137 3199 sirit.
1174 3154 1230 3200 bon
1250 3153 1315 3203 haec
1336 3155 1467 3203 sententia
1487 3162 1607 3213 tanturn

115 3221 251 3284 Adspicite
258 3236 290 3271 ea
298 3222 463 3286 (restemque
469 3235 545 3270 nana
556 3220 655 3269 diducit
662 3224 723 3279 s,et,
733 3214 807 3263 ilaec
813 3219 872 3261 aunt
897 3220 973 3278 Pida,
989 3221 1035 3269 seri
1046 3228 1073 3270 et
1081 3219 1144 3269 felix
1154 3238 1161 3277 ;
1180 3235 1257 3285 qaum
1268 3223 1378 3282 sitsatis,
1388 3238 1444 3271 esse
1460 3225 1593 3281 iidelern.
1614 3232 1676 3297 [m

114 3292 226 3340 Pectora
249 3305 360 3354 semper,
384 3293 430 3353 ait,
452 3293 544 3340 restris
560 3289 674 3339 exercita
691 3288 775 3334 rebus.
822 3287 870 3332 26⁵
895 3290 1109 3354 Quenrquonianr
1124 3298 1194 3338 vates
1208 3291 1366 3341 delendaad
1382 3292 1516 3355 Pergama
1538 3309 1677 3361 poscente

116 3362 154 3411 At
171 3362 234 3409 nibil
253 3362 378 3424 impendit
397 3376 444 3425 per
461 3370 500 3409 tot
517 3360 682 3410 Teiasaasias
700 3368 780 3404 auara
897 3360 937 3407 Ne
958 3358 1078 3408 mandate
1096 3360 1178 3419 mihi;
1199 3361 1287 3409 melius
1304 3362 1468 3411 Telamonius
1488 3365 1552 3427 ibit,

116 3431 250 3491 Sanguinis
268 3432 293 3478 in
313 3432 408 3490 socios,
431 3439 458 3479 et
477 3432 555 3479 habet
571 3430 628 3479 sine
647 3428 752 3475 vulnere
769 3436 871 3488 corpur·
896 3429 1055 3493 Disqaioqne
1072 3430 1153 3477 viram
1173 3431 1266 3479 morbis
1284 3432 1372 3495 iraque
1391 3428 1529 3483 furentem

116 3500 184 3551 Quid
201 3507 288 3549 tamen
308 3502 355 3549 boc
371 3499 469 3562 refert,
487 3501 508 3549 si
521 3514 549 3549 se
567 3512 614 3563 pru
631 3497 712 3545 classe
728 3495 838 3556 Pelasga
896 3498 1008 3558 bioliiet,
1023 3506 1070 3547 snt
1087 3499 1173 3563 aliqua
1190 3500 1317 3560 producet
1332 3499 1441 3548 callidus
1455 3511 1529 3551 arte.

117 3569 198 3617 Arma
211 3571 299 3618 tulisse
316 3568 398 3617 refert
416 3577 507 3618 contra
526 3569 667 3631 Troasque,
682 3566 839 3627 iovemque?
899 3567 969 3616 Ante
984 3576 1054 3617 retro
1068 3568 1159 3616 Simois
1178 3568 1250 3627 fluet,
1267 3577 1293 3617 et
1312 3570 1368 3617 sine
1381 3568 1522 3621 frondibus
1539 3572 1599 3626 lde

116 3639 307 3702 Coniiteorque,
315 3640 387 3696 tntit3
396 3639 553 3702 nequeenim
560 3633 699 3685 benefacta
705 3634 816 3695 maligne
822 3636 873 3683 2211
895 3636 992 3697 Stabit,
1005 3644 1032 3685 et
1044 3638 1167 3686 auxilium
1181 3639 1314 3700 promittet
1332 3639 1432 3687 Achaia
1447 3640 1571 3703 Troiae3
1625 3650 1676 3699 m

117 3708 270 3756 Detrectare
284 3723 367 3755 menni
382 3716 440 3755 est:
462 3708 508 3756 sed
524 3720 573 3755 nec
586 3705 732 3755 communia
747 3704 815 3750 solus
898 3707 992 3768 Quam,
1009 3714 1127 3756 cessante
1146 3721 1203 3754 meo
1219 3722 1265 3770 pro
1282 3709 1374 3757 vestris
1392 3715 1501 3770 pectore
1522 3716 1624 3779 rebus,

117 3777 444 3840 (lecapet,atqnealiqnem
454 3772 872 3839 vobisquuqaereddathonorem.
897 3775 986 3825 Aiacis
1004 3776 1089 3826 stolidi
1108 3777 1204 3825 Danais
1221 3776 1335 3826 sollertia
1351 3778 1440 3840 prosit.

118 3847 223 3908 Repulit
242 3846 449 3903 Actorides‚·snb
467 3847 577 3907 imagine
592 3851 662 3892 tatus
676 3843 794 3904 Achillis,
897 3844 939 3895 Sis
956 3847 1017 3895 licet
1035 3845 1143 3894 int'cstas
1161 3848 1244 3907 sociis,
1262 3846 1376 3910 regique,
1396 3846 1521 3910 nrilriqae,

116 3916 196 3963 Troas
212 3916 244 3964 ab
259 3917 353 3964 arsuris
366 3931 424 3965 curn
442 3914 578 3964 defensore
593 3913 696 3962 carinis.
898 3914 970 3964 Dure
988 3917 1148 3973 Philoctete3
1168 3916 1227 3963 iicet
1244 3930 1390 3974 exsecrere,
1408 3931 1552 3981 meamque

119 3985 216 4034 Ausum
231 3987 309 4033 etiarn
320 3986 448 4034 Hectoreo
458 3988 538 4034 suirrm
546 3996 700 4032 concurrere
709 3980 788 4030 Marti
823 3983 872 4029 211
900 3986 1034 4034 Devenere
1053 3987 1108 4034 sine
1126 3982 1177 4032 line
1195 3994 1283 4048 caput,
1301 3985 1438 4049 capiasque
1453 3985 1558 4036 dolenti
1621 3994 1675 4043 m

119 4054 153 4103 Se
169 4062 253 4116 patet,
271 4057 364 4103 oblitus
381 4058 510 4119 regisque,
524 4054 680 4115 ducamque,
694 4053 805 4114 meique,
898 4054 943 4101 lde
960 4057 1004 4103 tibi
1024 4054 1089 4103 sorte
1106 4053 1176 4113 dari,
1196 4062 1361 4118 nostrumque
1384 4056 1485 4103 haurire
1502 4072 1655 4119 cruorem

118 4124 208 4172 Nonus
226 4126 250 4172 in
268 4123 359 4182 officio,
377 4132 403 4173 et
422 4127 554 4187 praelatus
573 4137 681 4170 munere
699 4122 783 4169 sortis.
897 4124 935 4172 Te
954 4131 1038 4173 tamen
1054 4122 1205 4186 aggrediar,
1221 4139 1269 4172 nec
1284 4125 1387 4185 intritus,
1403 4139 1488 4187 spero,
1504 4128 1673 4193 relinquare

118 4193 170 4242 Sed
189 4201 275 4242 tamen
295 4204 402 4242 creatus
420 4204 532 4251 vestrae,
551 4192 699 4251 fortissime,
718 4203 820 4253 pugnae
898 4193 1013 4257 Tamque
1028 4195 1078 4242 tuis
1094 4192 1186 4254 potiar,
1209 4193 1296 4243 favern
1311 4194 1435 4253 Fortuna,
1447 4194 1563 4258 sagittis,

119 4263 182 4314 Quis
201 4262 265 4311 suin
283 4263 382 4311 Hector
404 4265 457 4313 abit
473 4266 583 4311 uiolatus
598 4264 705 4310 vnlnere
726 4261 804 4309 nulio.
899 4260 982 4311 Quam
999 4277 1053 4313 sum
1068 4260 1209 4324 Dardanio,
1231 4278 1307 4328 quem
1323 4265 1390 4326 cepi,
1411 4271 1470 4311 vate
1490 4265 1613 4324 potitae:

170 4384 211 4428 lli
228 4383 311 4429 Ausim
325 4390 351 4425 at
366 4384 395 4426 ll.
410 4383 492 4438 partirn
507 4397 521 4425 e
535 4382 598 4425 occid.
639 4385 761 4439 turquens
776 4380 876 4426 riulan.
915 4384 956 4428 211
970 4383 1030 4439 quad
1044 4396 1104 4439 spec.
1118 4382 1163 4425 Sed
1178 4396 1200 4426 v.
1214 4383 1277 4439 virg.
1293 4385 1340 4428 liei.
1354 4382 1384 4433 ll,
1397 4384 1417 4426 2.
1463 4383 1504 4426 251
1522 4385 1665 4443 Coenam

117 4438 262 4493 Hippariderr
279 4451 291 4479 n
306 4440 365 4481 eniri.
380 4440 489 4481 Aecursii.
504 4437 549 4480 Sed
565 4439 676 4482 eiusmodi
691 4440 863 4493 patronymicoa
885 4451 898 4481 s
931 4440 1034 4483 eilstivls
1053 4439 1160 4481 nominib.
1175 4452 1218 4481 non
1235 4448 1325 4493 poterat
1339 4438 1492 4481 intermisceri
1508 4442 1556 4483 aiei
1574 4442 1602 4485 ln
1622 4458 1667 4499 ap·

133 4497 237 4536 prisione.
260 4494 303 4547 iiip
320 4494 376 4535 asiel.
391 4502 427 4536 ent
441 4502 519 4537 antem
533 4492 646 4547 Charops,
660 4494 710 4537 siet
726 4493 806 4545 irater,
820 4492 886 4538 iliad.
899 4452 940 4545 R
954 4494 1008 4543 121ς
1022 4505 1088 4549 quen
1104 4500 1183 4536 noster
1198 4494 1277 4538 intniit
1291 4497 1369 4537 versui
1385 4496 1432 4536 tbi.
1447 4494 1570 4537 Coeranon
1586 4496 1667 4544 babes

117 4506 145 4592 fi.
160 4551 246 4601 l',Sll.
262 4506 327 4591 tlsrse
341 4548 407 4591 tlrid.
428 4548 437 4590 l
457 4548 546 4591 hitidea
560 4561 614 4591 esini
629 4549 697 4602 dicat,
711 4548 832 4602 aesoiraus,
846 4560 888 4592 aee
902 4556 978 4594 tarueu
994 4558 1115 4605 propterea
1130 4556 1197 4591 setus
1212 4558 1247 4591 est
1270 4551 1339 4591 lectio
1360 4548 1481 4591 elicienda
1510 4548 1669 4599 Particula-

117 4609 143 4645 et
156 4612 211 4647 ante
226 4604 380 4658 Alastoraque
396 4604 424 4645 li.
439 4562 520 4645 faterin
533 4616 561 4645 er
577 4605 696 4660 plerisque
719 4608 746 4645 nt
759 4606 800 4657 ait,
813 4608 872 4647 vett.
887 4605 938 4649 libr.
960 4606 996 4648 lta
1009 4610 1034 4646 et
1048 4603 1209 4659 coniungendi,
1223 4616 1267 4659 qne
1281 4605 1337 4647 illae
1352 4613 1401 4658 post
1417 4602 1530 4645 Alastm
1547 4606 1592 4648 rel.
1604 4610 1669 4653 aab·

119 4658 229 4713 ltingeudi
244 4659 443 4701 sicessnstineut.
469 4659 531 4700 Ante
546 4659 575 4701 ll.
590 4660 712 4713 legebatur
725 4664 767 4700 aut
783 4658 911 4712 Iphitiden.
925 4660 1090 4714 Alastoraque.
1103 4668 1143 4703 ant
1160 4659 1333 4713 miransque,
1349 4660 1509 4712 Alastoraque.
1538 4660 1583 4702 m
1599 4662 1666 4705 cu.

118 4724 199 4767 rupen.
213 4713 270 4768 qnod
287 4714 367 4757 laisum
383 4726 434 4756 esse
449 4726 493 4755 nnn
507 4713 724 4757 animadverterunt
739 4714 811 4767 intpp.
852 4714 893 4756 212
910 4713 1022 4769 dacisque
1036 4713 1206 4757 coddiirmll.
1239 4712 1507 4756 carnotenorum.
1534 4714 1669 4773 bdbvnlg.

118 4773 202 4821 pnncto
216 4768 334 4817 elsrrdnnt,
348 4782 393 4824 qna
409 4780 529 4810 reverens
544 4766 572 4811 fit
586 4770 680 4811 otiosus.
722 4769 762 4810 Sil
776 4770 912 4823 obiectaque
925 4772 1022 4812 crimina
1038 4781 1051 4811 u
1066 4770 1142 4824 pretio
1156 4782 1191 4820 ap.
1206 4780 1258 4809 enre
1274 4777 1367 4821 reperto
1383 4769 1498 4823 patebant.
1549 4770 1591 4813 328
1606 4784 1667 4827 per-

119 4820 199 4888 ducet.
240 4824 292 4867 Pnst
307 4827 345 4867 lai
363 4825 473 4891 marinae
486 4825 509 4865 ie
525 4822 589 4888 codd.
606 4824 695 4866 turbae.
714 4822 820 4877 irruitur,
833 4836 876 4865 aee
891 4830 967 4867 tannen
982 4826 1007 4867 is
1019 4827 1133 4891 amerinus,
1146 4835 1240 4887 rorqsn:
1256 4822 1342 4888 ‘thue
1357 4825 1396 4865 tnr'
1410 4823 1480 4873 mter,
1500 4824 1535 4863 sle
1546 4826 1597 4891 jag
1611 4826 1668 4869 eras

119 4877 836 4987 :listellsslntn⁸¹''anhelant‘lilii-itin?
849 4876 1667 4989 :amitti„zlihtzzs‘s'l‘itzr'‚Thi'lnelementale·

120 4988 185 5029 eninr
201 4989 288 5040 ineptis
303 5002 353 5033 nam
368 5003 425 5032 vera
440 5001 492 5043 res,
514 5000 581 5044 qnaru
599 4994 694 5044 propter
709 4988 952 5043 illisenagqresanrus
967 4993 1003 5030 est
1018 4987 1180 5033 Philas-,retem
1204 4987 1271 5042 longe
1299 4991 1393 5043 gravina
1413 4986 1561 5042 signiiloatur
1586 5001 1667 5035 reru.

119 5042 161 5085 att
175 5054 207 5095 sq.
224 5042 271 5084 bec
286 5046 377 5087 rnsieris
393 5045 463 5099 pretii
478 5044 524 5087 slis
540 5044 610 5086 buius
625 5056 706 5087 versus
720 5042 887 5096 essmpleraenta
900 5049 968 5086 snut:
982 5045 1112 5098 eosrrnqae
1126 5042 1239 5085 reclusere
1255 5045 1333 5091 nitar.-
1348 5044 1416 5097 longe
1430 5042 1560 5087 formidine
1577 5042 1666 5097 palea,-

119 5098 212 5140 aoilerti
224 5105 316 5150 pertore
327 5100 393 5151 fidus
407 5099 474 5153 isqnnd
490 5113 518 5142 ne
534 5099 632 5143 latinnns
648 5098 747 5154 qnidern.
762 5111 831 5151 quatra
845 5097 927 5141 debeat
942 5110 993 5141 esse
1007 5098 1122 5150 constrari.
1136 5095 1225 5140 ilerlrtri
1242 5098 1311 5140 verba
1326 5100 1417 5141 tueritne.
1434 5104 1493 5138 tonte
1510 5097 1608 5140 iieisesin
1622 5113 1665 5143 es·

121 5152 204 5203 diesim,
217 5164 277 5205 qnae
291 5166 368 5196 seram
384 5154 461 5197 liridil
476 5167 566 5197 mansu
584 5167 640 5212 pree
654 5167 680 5196 se
694 5153 804 5197 videntne
818 5152 888 5196 lerre.
909 5154 957 5197 liae
972 5162 1050 5197 auten
1065 5151 1110 5197 diri
1138 5153 1229 5196 lilires:
1250 5154 1301 5197 Etsi
1318 5161 1356 5201 tn.
1371 5152 1517 5204 Philoctete,
1533 5151 1664 5197 rabones·

122 5209 211 5251 tissime
223 5205 279 5250 rnlbi
290 5208 405 5260 iraaoeris,
420 5218 444 5251 te
454 5218 531 5252 tamen
541 5209 675 5265 aggrediar,
684 5209 792 5263 neque‚si
804 5206 864 5250 lorte
878 5209 918 5251 tibi
928 5208 1094 5261 sneerrbuerltn,
1105 5209 1283 5264 inultus.spero,
1291 5208 1419 5252 destituar:
1434 5216 1479 5249 tarn
1488 5216 1568 5251 auten
1578 5216 1664 5252 urta·

113 5262 288 5319 mmmmm
294 5264 349 5319 rael,
364 5265 493 5309 accersam
500 5264 585 5313 ultim
593 5263 651 5312 nihl
659 5262 771 5323 patienda
784 5264 841 5317 siat
854 5263 912 5309 tells
917 5264 967 5309 iilis
978 5264 1090 5311 tatalibus
1103 5264 1234 5319 potitum
1244 5275 1282 5304 us
1294 5262 1416 5305 mentam
1437 5262 1663 5307 uiuentium.
