3586 5498
115 130 190 203 418
359 153 393 202 ι.
417 153 561 203 osrnrs
584 152 771 202 sasosrs
794 153 1230 203 maranonrrrosrros
1254 152 1335 201 urs.
1359 150 1409 205 tv·

117 326 240 379 Deseruit
256 325 363 390 palrlosr
380 324 481 391 ideque
498 325 589 377 altrice
605 326 697 377 relicta
902 326 935 376 El
952 340 1021 376 nnnc
1037 327 1086 377 isso
1103 325 1199 386 isreal,
1215 339 1284 375 nus
1299 322 1532 377 sira-Mt·
1545 326 1623 379 Ιι.
1635 331 1678 379 U

118 397 217 458 ignotis
234 410 322 445 errare
339 395 410 457 lacis,
426 395 514 458 ιςιοιι
532 394 621 445 videre
902 396 1020 459 Denique
1037 396 1164 445 ubante-
1180 403 1280 456 oostra,
1297 395 1421 460 elablqsa
1440 397 1592 447 meae·

117 467 235 517 Flumina
252 463 390 527 gaudebat,
408 464 493 514 studio
510 464 643 513 minuente
664 464 789 514 laborem.
825 467 875 514 000
902 464 1031 527 implicat,
1049 473 1078 514 nt
1095 480 1212 528 serpens,
1229 480 1304 529 quarn
1322 466 1394 527 regia
1416 465 1546 516 sustinet
1564 468 1636 527 ales,

117 537 166 587 Ille
180 536 256 584 etiam
276 535 366 598 Lycias
383 535 469 596 urbes,
490 534 636 598 Lyciaeque
651 534 807 598 propinquos
901 535 1091 598 Sublimemqne
1109 536 1192 596 rapit:
1214 534 1332 598 pendens
1348 541 1432 596 cepas
1450 534 1500 584 illa
1522 536 1668 602 pedesq-

117 606 197 655 Caras
215 604 278 653 adit.
314 603 394 653 Videt
420 604 462 653 hic
484 611 602 665 stagnum
623 604 731 652 lucentis
749 602 783 652 sd
798 603 875 651 iarum
901 604 1009 667 Alligat,
1027 613 1054 652 et
1072 604 1156 653 cauda
1172 605 1316 666 spatiantes
1334 603 1453 665 implicat
1474 605 1562 667 aias3

117 675 205 738 Usque
223 675 303 721 solum
320 674 450 736 lymphae.
487 673 544 722 Nou
561 673 612 721 iilic
630 686 715 721 canna
729 673 859 735 palustris,
901 673 987 736 thue
1005 675 1089 722 solent
1107 672 1221 722 hederae
1240 675 1328 733 longos
1345 674 1470 722 intexere
1485 679 1681 735 mrumst&

117 744 174 794 Neo
192 743 293 792 steriles
312 744 396 802 ulvae,
414 756 464 791 nec
480 748 557 790 scuta
575 741 681 803 cuspide
704 742 788 802 iuncl;
901 742 986 806 thue
1005 743 1051 791 sub
1069 743 1221 806 aequoribus
1239 742 1396 805 deprensum
1423 743 1552 806 polypus
1582 746 1681 795 hoste·

115 814 271 875 Pet’ipicnus
284 812 365 875 liquor
379 818 428 860 est.
447 811 537 873 Stagni
554 818 640 859 umen
654 810 742 859 ultima
756 811 814 859 viro
825 814 875 859 000
901 812 1032 870 Continet,
1050 827 1083 859 ea
1100 813 1168 860 omni
1186 813 1294 861 dimissis
1312 818 1388 873 parte
1405 810 1540 875 flagellis.

116 883 239 946 Caespitc
254 882 401 943 cinguntur,
416 894 568 944 semperque
588 880 728 928 virentibus
746 880 840 929 herbis.
900 882 1005 929 Perstat
1023 879 1198 939 Atlantiades,
1217 888 1372 944 sperataque
1390 882 1492 943 gandia
1512 882 1667 947 Nymphae

117 952 239 1016 Nympha
256 951 326 1008 colit,
341 949 387 999 sed
406 964 454 998 nce
470 949 605 998 venatibus
616 954 688 1011 apta,
703 964 752 997 nec
765 964 840 998 arcus
901 951 1029 1012 Denegat.
1067 951 1115 998 ilia
1134 952 1236 1013 premit,
1253 950 1438 1013 commissaque
1458 965 1586 1014 corpore
1606 962 1662 1003 tare

116 1022 237 1071 Flectere
258 1034 324 1085 quae
346 1021 436 1077 soleat,
456 1033 506 1068 nec
522 1033 589 1082 quae
607 1018 766 1068 contendere
783 1033 874 1079 cursu3
901 1020 972 1069 Sicut
989 1021 1150 1080 inhaerebat,
1168 1021 1272 1082 Pugues
1290 1021 1359 1079 licet,
1379 1021 1513 1083 improbe,
1533 1021 1622 1087 dixit,
1635 1028 1682 1073 000

117 1091 229 1155 Solaque
244 1088 372 1138 Naiadum
391 1089 470 1137 celeri
484 1102 533 1136 non
546 1095 607 1137 nota
618 1089 728 1136 Dianae.
902 1090 958 1137 Non
978 1094 1064 1137 tomen
1084 1088 1205 1152 eflugies:
1224 1090 1261 1138 ita
1277 1089 1304 1137 di
1321 1089 1441 1146 lubeatis,
1461 1097 1494 1138 et
1511 1091 1603 1142 istun

117 1161 203 1223 Saepe
222 1174 280 1209 suas
298 1159 334 1207 iiii
351 1157 420 1206 fama
438 1166 479 1207 est
496 1157 591 1206 dixisse
610 1172 730 1207 sorores:
826 1161 875 1205 000
902 1159 980 1207 Nulla
998 1159 1053 1207 dies
1071 1173 1087 1207 a
1105 1173 1155 1219 me,
1173 1172 1222 1206 nec
1239 1172 1280 1207 me
1297 1157 1404 1207 diducat
1421 1160 1456 1206 ab
1478 1160 1546 1210 isto.

117 1230 237 1289 Salmaci,
256 1230 298 1277 vel
312 1228 431 1287 iaculum,
450 1228 492 1276 rel
511 1228 593 1290 pictas
612 1242 685 1276 sume
697 1226 843 1289 pharetras,
902 1228 970 1276 Vota
989 1242 1048 1276 suos
1066 1228 1179 1277 habuere
1197 1227 1273 1277 deos:
1295 1242 1354 1275 nam
1372 1228 1448 1276 mista
1465 1227 1595 1281 duom

118 1299 153 1348 Et
171 1304 215 1347 tua
233 1313 289 1346 cunr
309 1297 378 1346 duris
397 1297 532 1345 venatibus
550 1298 602 1345 otia
621 1297 708 1345 misce.
902 1297 1017 1359 Corpora
1034 1298 1183 1360 iunguntur,
1200 1296 1330 1360 faciesque
1347 1296 1482 1347 inducitur
1501 1299 1560 1349 iilis

118 1369 176 1417 Nec
193 1369 302 1415 iaculum
322 1369 406 1425 sumit,
425 1381 474 1415 nec
492 1366 573 1428 pictas
592 1365 635 1413 illa
653 1366 799 1428 pharetras,
903 1367 977 1425 Una;
997 1369 1067 1414 velot
1085 1367 1105 1415 si
1123 1369 1178 1430 quis
1196 1366 1324 1415 conducta
1341 1366 1438 1414 cortice
1456 1381 1556 1419 nmos
1635 1374 1683 1421 000

120 1438 176 1487 Nec
194 1451 240 1485 sua
258 1451 315 1484 cum
334 1435 404 1484 duris
424 1436 557 1483 venatibus
575 1435 627 1483 otia
645 1435 745 1483 miscet.
903 1435 1052 1485 crescensin
1070 1436 1149 1497 iungi,
1167 1437 1315 1500 pariterque
1333 1435 1489 1485 adolescere
1507 1446 1627 1491 cernat.

119 1506 173 1556 Sed
188 1504 263 1554 modo
276 1504 347 1554 fonte
364 1519 411 1553 suo
425 1503 548 1553 formosos
562 1504 656 1566 perluit
667 1512 755 1563 artus;
826 1507 876 1552 stu
903 1506 945 1554 Sic
963 1507 1006 1554 ubi
1023 1507 1158 1567 complexu
1176 1506 1292 1554 coieruat
1309 1506 1426 1553 membra
1443 1508 1553 1567 tenaci,

118 1575 205 1638 Saepe
223 1574 359 1638 Cytoriaco
375 1573 482 1623 deducit
499 1574 602 1636 pectine
620 1573 714 1635 crines,
903 1576 960 1624 Nec
976 1574 1028 1623 dno
1045 1582 1115 1635 sunt,
1133 1581 1161 1623 et
1177 1573 1258 1624 forma
1276 1574 1382 1636 duplex,
1400 1588 1451 1623 uec
1466 1573 1581 1627 ιἰιιιιιιι
1601 1578 1667 1643 diui,

118 1645 154 1694 Et
171 1644 230 1708 quid
250 1658 279 1693 se
297 1641 400 1705 deceat,
418 1650 548 1705 spectatas
566 1643 675 1691 consulit
692 1640 784 1692 undar.
904 1645 959 1694 Nec
981 1658 1047 1706 puer
1070 1650 1099 1693 ut
1125 1644 1238 1706 possint:
1268 1651 1450 1706 neutrumque,
1475 1653 1509 1695 et
1537 1654 1684 1715 utramqss

119 1715 195 1764 Nunc
212 1713 357 1776 perlucenti
375 1711 534 1762 circumdata
550 1726 643 1775 corpus
660 1712 765 1772 amictu,
1326 1711 1458 1762 videntur.

119 1784 242 1833 Mollibus
259 1788 306 1831 ιιι
321 1780 397 1843 toliis,
415 1789 461 1831 aut
477 1781 593 1830 mollibus
610 1779 824 1829 lucubat.herbis.
904 1781 972 1843 Ergo
986 1779 1028 1829 nbi
1044 1794 1072 1829 se
1091 1780 1209 1844 liquidas,
1220 1781 1316 1844 quovis
1325 1780 1516 1843 descenderat,
1529 1787 1683 1839 nudam·

119 1854 204 1915 Saepe
221 1853 283 1915 legit
298 1851 385 1912 ilores;
400 1860 427 1901 et
440 1859 612 1914 tuncquoque
624 1848 693 1898 sorte
705 1850 875 1911 legebattlb
903 1850 1069 1899 Semimarcm
1088 1848 1179 1899 iecisse
1198 1850 1277 1910 videt,
1296 1851 1444 1914 mollitaque
1461 1852 1488 1900 lu
1511 1853 1572 1904 illis

119 1923 206 1975 Quum
225 1936 332 1984 puerum
348 1921 421 1979 uidit,
446 1922 577 1983 risumque
600 1919 702 1982 optarit
720 1920 825 1969 habere.
903 1920 1042 1977 Μιιιιιιιις
1061 1934 1151 1968 manus
1168 1920 1290 1978 tendens,
1308 1919 1354 1969 sed
1367 1921 1417 1968 iarn
1436 1935 1489 1969 uon
1511 1938 1589 1974 voca
1609 1926 1685 1988 affl

119 1992 178 2042 Nec
194 1997 280 2041 tamen
299 1997 361 2040 ante
379 1990 450 2050 adiit,
469 1990 518 2039 etsi
537 1991 694 2052 properabat
711 1989 794 2049 adire,
904 1988 1138 2051 Hermaphroditus
1156 1989 1201 2048 ait,
1221 1989 1289 2038 Nato
1307 1989 1369 2037 (late
1389 2004 1500 2039 munera
1522 2005 1634 2057 vestro,

119 2062 203 2112 Quam
223 2075 251 2110 se
269 2061 420 2123 composuit,
437 2074 513 2124 quarn
530 2058 712 2120 circumspexit
725 2058 842 2119 amiotus,
904 2059 938 2108 St
956 2064 1076 2121 pateret
1095 2058 1223 2119 genetrix,
1241 2059 1372 2107 amborum
1390 2073 1485 2108 nomeu
1505 2061 1652 2117 habeatis

119 2131 155 2180 Et
171 2130 246 2180 finxit
264 2132 379 2190 uultum,
397 2136 425 2179 et
442 2129 536 2177 meruit
552 2126 663 2178 formosa
681 2127 773 2178 rideri.
903 2128 1024 2191 Quisquis
1041 2128 1066 2176 in
1085 2128 1132 2176 hos
1149 2126 1234 2177 sontes
1252 2128 1291 2177 sir
1309 2128 1418 2189 venerit,
1436 2137 1521 2180 exeat
1542 2133 1617 2186 inde
1635 2140 1685 2189 88

118 2202 190 2249 Tunc
206 2201 242 2250 sio
258 2214 316 2248 orsa
330 2200 415 2264 loqui:
435 2199 505 2247 Puer
522 2213 537 2246 o
554 2197 701 2259 dignissime
718 2195 792 2246 credi
827 2199 877 2244 sao
903 2197 1022 2257 Semivir,
1040 2204 1067 2245 ιι
1084 2196 1158 2246 tactis
1177 2197 1259 2245 subito
1277 2198 1409 2246 mollescat
1426 2197 1451 2245 in
1473 2200 1571 2252 undis.

118 2270 184 2319 Esse
201 2270 283 2328 dens3
308 2283 353 2318 ιιι
371 2275 399 2318 tu
418 2266 482 2317 deus
501 2282 538 2327 cs,
557 2274 631 2330 potas
650 2280 707 2315 esse
724 2263 842 2329 Cupido:
904 2267 991 2315 illotus
1010 2272 1117 2330 uterque
1135 2281 1230 2329 pareus
1248 2267 1301 2315 nati
1319 2274 1376 2315 rata
1393 2267 1474 2315 rerba
1493 2270 1628 2325 biformis

119 2340 180 2388 Sire
197 2355 225 2388 es
244 2339 367 2397 mortalis,
384 2339 470 2401 quite
488 2352 611 2399 genuere,
630 2336 717 2385 beati:
905 2336 987 2395 Fecit,
1005 2340 1032 2383 ιι
1050 2337 1149 2384 incesto
1166 2333 1263 2384 fontem
1282 2336 1451 2385 medicamine
1469 2338 1569 2391 tinxit.

119 2408 155 2457 Et
171 2407 253 2457 frater
270 2407 342 2465 felix,
361 2412 390 2455 et
407 2405 538 2454 mmuoata
556 2402 672 2467 profecto
905 2405 975 2453 Finis
992 2412 1050 2453 crat
1067 2405 1158 2463 dictis;
1178 2414 1206 2453 et
1223 2405 1309 2454 adhuc
1327 2406 1440 2468 Minyeia
1458 2410 1555 2468 proies
1618 2414 1685 2478 [m

120 2479 208 2541 Siqua
223 2477 268 2525 tibi
279 2491 350 2525 soror
362 2480 411 2534 ιιι,
422 2480 459 2532 et,
473 2488 540 2537 quae
556 2473 631 2523 dedit
643 2474 732 2532 ubera,
746 2471 842 2520 nutrix.
906 2475 988 2535 Urget
1001 2488 1073 2536 opus,
1089 2473 1238 2536 spernitque
1255 2474 1342 2534 (lenm,
1365 2474 1513 2538 testumque
1531 2480 1687 2545 pretim

120 2547 174 2596 Sed
197 2548 272 2606 longe
297 2545 404 2604 cunctis,
423 2545 549 2606 longeque
568 2543 698 2604 potentior
717 2542 775 2601 illis,
828 2544 877 2590 000
904 2545 1039 2606 Tympana
1056 2558 1133 2607 quum
1151 2544 1234 2592 subito
1252 2559 1301 2592 non
1321 2545 1474 2606 apparentia
1493 2552 1593 2601 raucis

120 2616 215 2678 Siqua
231 2615 276 2663 tibi
292 2628 386 2675 sponsa
408 2620 457 2672 est,
475 2613 584 2674 siquam
598 2611 739 2672 dignabere
755 2609 843 2660 taeda.
905 2614 1083 2675 Obstrepuere
1101 2613 1178 2673 souis,
1195 2621 1223 2661 et
1240 2613 1341 2662 adunco
1359 2614 1420 2661 tibia
1434 2628 1530 2675 cornu,

121 2685 196 2734 Haec
215 2684 328 2732 tibisire
341 2683 426 2745 aliqua
442 2688 491 2741 est,
508 2695 566 2729 mea
584 2681 619 2729 sit
633 2678 727 2730 furtiva
742 2680 877 2743 roirrptas:
904 2683 1064 2747 'iinnulaque
1088 2697 1150 2731 aera
1173 2689 1274 2732 sonant.
1323 2683 1454 2732 Redolent
1483 2689 1684 2756 myrris-equ,

121 2755 173 2803 Seu
181 2754 250 2801 nulla
257 2757 306 2814 est,
314 2752 423 2813 egosim,
430 2751 620 2812 thalamumque
632 2751 747 2798 ineamus
757 2751 878 2800 cundem.
1329 2753 1447 2816 crocique
1456 2768 1464 2813 ;

121 2824 185 2874 Nsis
204 2824 236 2871 ab
255 2823 293 2869 his
311 2821 408 2869 tacuit:
428 2821 500 2883 pueri
517 2821 595 2868 rubor
611 2834 657 2867 ora
675 2820 782 2877 sumsit,
906 2821 1010 2884 Resque
1026 2818 1080 2868 0οι
1098 2819 1187 2880 maior,
1204 2835 1314 2883 coepere
1335 2824 1463 2870 virescere
1480 2825 1568 2888 telae,

122 2892 217 2942 Nescia
231 2891 291 2955 quid
307 2892 341 2940 sit
353 2905 439 2949 aruor;
457 2889 503 2937 sed
520 2895 548 2937 ιι
559 2889 691 2937 erubuisse
700 2889 820 2939 decebat.
828 2893 879 2937 000
906 2889 1107 2954 lnquelretlerae
1117 2888 1209 2938 faelem
1220 2890 1510 2952 pendensfrondescere
1520 2897 1621 2947 restis.
1629 2903 1683 2950 000

121 2962 174 3010 Ηὶι
191 2962 262 3010 coior
279 2960 367 3023 aprica
386 2958 558 3022 pendentibus
575 2959 666 3006 arbore
686 2958 775 3020 pomis,
905 2960 970 3008 Pars
987 2960 1041 3008 abit
1059 2960 1084 3007 in
1104 2961 1184 3020 vites3
1204 2968 1230 3008 ιι
1248 2975 1314 3024 quae
1333 2961 1409 3023 mollo
1428 2960 1471 3009 tila
1490 2961 1621 3027 fuerunt,

123 3032 178 3081 Λιι
196 3031 267 3079 chori
286 3030 366 3077 tincto
385 3035 433 3088 est,
451 3035 496 3076 aut
514 3029 560 3076 sub
578 3027 691 3076 candore
709 3027 821 3088 rubenti,
904 3022 1016 3077 Palurite
1034 3036 1181 3076 mutanturs
1201 3029 1235 3078 ‹le
1253 3031 1364 3079 stamine
1383 3032 1521 3092 pampinus
1542 3035 1624 3097 exitq

123 3103 207 3152 Quum
226 3098 324 3149 frustra
341 3103 463 3147 resonant
479 3111 543 3146 sera
560 3097 702 3154 auxiliaria,
721 3097 820 3155 Lunae,
906 3099 1026 3161 Purpura
1043 3096 1166 3159 fulgorem
1186 3099 1260 3160 pictis
1279 3100 1453 3148 accommodat
1472 3102 1540 3150 nris.

122 3170 244 3220 Poscenti
263 3169 398 3232 Nymphae
417 3169 472 3217 sine
490 3167 543 3215 line
561 3167 657 3215 sororia
676 3169 766 3216 saltem
907 3168 1012 3232 lamque
1031 3167 1086 3215 dies
1104 3173 1210 3215 exactus
1229 3175 1293 3226 erat,
1312 3176 1464 3232 tempusque
1482 3170 1602 3233 subibat,

123 3241 228 3299 Oscula,
244 3239 345 3302 iamque
356 3252 446 3286 munus
462 3236 495 3285 ud
505 3238 620 3285 eburnea
637 3237 702 3285 colia
718 3235 822 3293 serenti,
829 3239 878 3283 000
907 3237 982 3287 (λιιι
990 3246 1017 3286 ιι
1025 3251 1073 3285 ιιι
1083 3238 1214 3296 tenebras,
1221 3251 1270 3285 nec
1276 3239 1357 3299 possis
1366 3239 1454 3287 dicere
1463 3240 1569 3301 lucens,
1623 3247 1681 3294 000

28 3363 34 3373 ,
124 3310 242 3358 Desinisl
260 3314 306 3357 ιιι
322 3306 401 3369 fugio,
419 3315 564 3370 tecumque,
583 3307 629 3368 ait,
647 3307 696 3355 ista
714 3307 839 3369 relinquo.
907 3307 959 3356 Sed
978 3308 1106 3355 cumiuee
1123 3311 1209 3355 tamen
1229 3306 1552 3359 dubiaecontinlanoctis.

121 3379 244 3427 Salmacis
263 3378 395 3436 extimuit;
415 3377 532 3439 meaque
551 3378 615 3425 haec
632 3376 679 3425 tibi
697 3376 778 3425 libera
795 3374 880 3437 trado,
906 3377 985 3425 Tecta
1003 3382 1111 3438 repente
1128 3376 1209 3439 quati,
1227 3377 1385 3442 pinguesque
1404 3377 1496 3426 ardere
1516 3378 1650 3431 visentur

122 3448 236 3509 Hospes,
254 3447 304 3495 alt:
324 3447 475 3509 simulatque
495 3448 576 3507 gradu
595 3446 730 3494 discedere
749 3458 832 3494 serso.
907 3445 1061 3507 Lampados,
1080 3452 1107 3493 et
1124 3446 1206 3494 rutilis
1222 3448 1350 3495 collucere
1369 3448 1468 3507 iquihur
1485 3448 1580 3507 aedes,

122 3519 186 3566 Turn
203 3530 303 3580 quoquc
321 3515 470 3577 respiciens,
483 3513 655 3578 fruticumque
671 3515 803 3563 recondita
817 3515 881 3563 silva
908 3516 1033 3579 Falsaque
1052 3529 1185 3563 saevarum
1205 3516 1340 3564 simulacra
1359 3518 1455 3564 ululare
1471 3514 1601 3569 serarum.

123 3587 241 3646 Delituit,
258 3584 404 3648 flexumque
422 3598 490 3645 genu
508 3584 631 3633 submisit.
667 3582 704 3631 At
722 3584 774 3643 ille,
829 3586 880 3632 000
908 3584 1016 3633 Fumida
1034 3583 1181 3633 iamdudum
1200 3585 1303 3634 latitant
1321 3591 1455 3647 perlecta
1472 3601 1586 3650 sorores,
1619 3592 1678 3649 000

124 3654 161 3704 Ut
177 3669 252 3717 puer,
270 3661 297 3703 et
311 3654 395 3703 vacuis
415 3662 443 3703 ιι
460 3653 638 3702 inobservatus
656 3652 680 3700 iu
701 3653 795 3713 herbis,
908 3654 1083 3718 Diversaeque
1102 3654 1162 3702 locis
1180 3654 1252 3715 ignes
1271 3669 1300 3702 ac
1313 3656 1407 3703 lumina
1426 3656 1518 3705 ritant.

123 3724 183 3773 Huc
201 3725 229 3783 it,
248 3731 275 3773 et
293 3724 351 3773 binc
369 3724 445 3783 illnc3
465 3728 492 3771 et
510 3723 535 3771 in
554 3722 726 3770 alludentibus
745 3722 820 3772 undis
908 3724 1025 3788 Dumque
1038 3731 1131 3785 petunt
1140 3724 1266 3782 latebras,
1278 3738 1370 3785 parvos
1380 3726 1529 3773 membrana
1539 3732 1677 3786 perustas

123 3794 227 3842 Summa
245 3793 350 3856 pedum,
369 3795 471 3856 taloque
490 3797 565 3840 tenus
584 3791 691 3851 vestigia
710 3790 793 3853 tingit.
908 3793 1059 3856 Porrigitur,
1077 3800 1218 3856 tenuesque
1237 3793 1372 3842 includunt
1390 3795 1493 3842 brachia
1512 3809 1634 3855 pennae.

124 3863 180 3912 Nec
198 3878 286 3922 mora;
308 3863 433 3926 temperie
452 3862 604 3910 blandarum
621 3868 712 3923 captus
730 3874 863 3925 aquarum,
908 3863 972 3921 Nec,
991 3878 1040 3927 qua
1059 3861 1222 3924 perdiderint
1240 3869 1354 3910 ueterem
1373 3865 1472 3912 rntlone
1490 3862 1616 3925 liguram,

123 3933 213 3981 Mollia
231 3932 264 3981 de
283 3940 374 3981 tenero
393 3933 520 3980 velamina
538 3945 646 3993 corpore
666 3930 746 3991 pouit.
830 3935 880 3981 000
907 3933 978 3981 Scire
996 3933 1083 3981 sinunt
1101 3932 1234 3979 tenebrae.
1254 3932 1310 3981 Non
1325 3934 1380 3980 illas
1393 3935 1478 3995 pluma
1491 3934 1676 3987 levantem

121 4003 187 4050 'l'urn
207 4016 268 4050 vcro
285 4002 426 4064 obstupuit,
444 4002 583 4065 nudaeque
599 3999 720 4062 cupidine
738 3997 836 4049 t'ormae
907 4002 1057 4051 Sustinuere
1075 4006 1162 4048 tamen
1182 4015 1209 4048 se
1229 4002 1420 4062 perlucentibus
1438 4003 1492 4050 alis.

123 4071 247 4120 Salmacis
266 4071 379 4120 exarsit:
398 4070 619 4134 flagransquoque
634 4069 881 4132 iuruinaNynsphes,
908 4072 1074 4134 conataeque
1093 4070 1170 4132 ioqui,
1188 4071 1317 4119 minimam
1336 4087 1382 4133 pro
1399 4085 1506 4134 corpore
1526 4084 1621 4122 socen

124 4141 184 4191 Non
203 4142 288 4202 aliter,
300 4155 375 4203 qnam
394 4155 469 4203 quum
489 4155 553 4202 puro
573 4138 735 4187 nitidissimus
750 4140 813 4187 arbe
909 4140 1045 4199 Emittunt,
1062 4145 1240 4202 peraguntque
1258 4140 1309 4188 levi
1327 4142 1437 4189 stridore
1454 4140 1584 4204 querelas.

125 4211 252 4273 Opposita
270 4211 367 4272 speculi
385 4208 505 4258 referitur
522 4209 632 4269 imagine
652 4209 780 4257 Phoebus·
907 4212 1047 4273 Tectaque,
1064 4222 1115 4255 non
1135 4208 1220 4268 silvas,
1238 4211 1386 4259 celebrant:
1407 4212 1539 4273 lucemque
1559 4224 1677 4272 perosae

125 4280 227 4343 Vixque
233 4294 329 4328 momm
336 4279 449 4341 patitur:
460 4278 502 4327 sla
510 4278 712 4338 lamsuasseudia
723 4277 881 4337 diffcrmbtl
909 4280 991 4327 Nocte
1005 4279 1101 4336 volant,
1114 4291 1222 4340 seroque
1232 4281 1339 4328 trahunt
1349 4296 1365 4328 a
1378 4295 1487 4341 vespere
1500 4293 1605 4328 nomen.
1618 4284 1675 4331 010

124 4349 181 4398 iarn
200 4350 271 4412 cupit
289 4348 426 4411 amplecti:
451 4347 501 4395 iam
520 4361 548 4395 ιι
567 4348 633 4394 male
651 4348 766 4396 continet
783 4362 881 4397 amens.
907 4350 971 4397 'l'usu
990 4361 1051 4395 sero
1070 4347 1129 4395 totis
1147 4347 1243 4396 Bscchl
1262 4350 1425 4398 memorabile
1443 4349 1537 4398 Thebis

125 4418 185 4479 llic,
201 4421 270 4468 caris
289 4420 365 4466 veios
383 4418 508 4479 applausu
526 4430 634 4478 corpore
653 4417 752 4478 palmis,
910 4418 1011 4466 Numen
1030 4424 1104 4476 erat3
1123 4431 1280 4481 maqsrasqne
1298 4419 1356 4466 novi
1375 4426 1514 4467 matertera
1530 4418 1601 4467 viros

126 4488 219 4538 Desilit
236 4490 261 4537 in
281 4489 386 4547 latices;
411 4488 562 4549 alternaque
581 4485 684 4534 brachia
702 4485 800 4535 ducens
910 4487 1006 4536 Narrat
1024 4486 1117 4549 ubique
1135 4485 1194 4535 dei:
1214 4486 1247 4536 de
1265 4494 1353 4551 totque
1373 4489 1499 4536 sororibus
1518 4502 1616 4548 expers

127 4557 158 4606 ln
179 4558 278 4622 liquidis
295 4558 437 4607 translucet
455 4556 544 4619 aquis:
565 4560 594 4604 ut
611 4557 725 4604 eburnea
742 4555 763 4603 si
780 4556 837 4619 qnis
910 4556 967 4604 Una
985 4555 1080 4604 doloris
1099 4562 1164 4615 esst,
1182 4557 1230 4604 nisi
1248 4571 1322 4618 quern
1343 4554 1429 4605 fecere
1447 4573 1555 4606 sorores.
1605 4560 1675 4622 [000

126 4627 205 4689 Siqua
221 4633 294 4691 tegat
311 4630 389 4687 claro,
407 4627 448 4674 sel
464 4623 576 4673 candida
594 4625 655 4683 lilia,
673 4625 748 4672 vitro.
833 4630 881 4673 000
911 4624 1028 4687 Adspicit
1035 4626 1100 4672 hauc
1108 4625 1183 4683 uatis,
1190 4625 1519 4688 thalamoquehthamantis
1527 4627 1674 4678 habentem

125 4695 249 4758 Vicimus,
267 4712 300 4746 en
318 4711 390 4745 meus
409 4693 464 4744 esti
484 4696 614 4743 exclamat
632 4694 710 4753 Nais3
729 4699 757 4741 et
773 4694 843 4744 omni
909 4695 1036 4744 Sublimes
1054 4694 1161 4750 animos,
1179 4699 1207 4742 et
1224 4696 1327 4742 alumno
1344 4696 1458 4755 numine,
1477 4697 1556 4753 inno;

63 4761 66 4766 '
127 4765 208 4814 Veste
227 4768 315 4829 procul
333 4769 401 4816 iacta
418 4758 509 4815 mediis
528 4763 671 4812 immittitur
689 4762 774 4823 undis,
911 4765 967 4813 Nec
983 4764 1055 4812 tulit:
1074 4771 1102 4812 et
1119 4777 1214 4820 secum,
1234 4763 1322 4813 Potnlt
1340 4765 1373 4813 rie
1393 4769 1485 4828 pellice
1504 4774 1580 4813 natus

128 4834 325 4898 i‘upnacemque
344 4844 425 4895 tenet,
444 4833 619 4897 luctantiaque
635 4834 721 4881 oscula
739 4835 832 4898 carpit,
910 4835 1022 4881 Vertere
1041 4833 1181 4889 blaeonlos,
1201 4835 1343 4898 pelagoque
1363 4837 1522 4895 immergere,
1541 4842 1646 4897 stautai,

127 4904 310 4969 Subiectatque
329 4921 428 4967 manus,
446 4905 578 4970 invitaque
596 4907 701 4966 pectora
718 4906 811 4968 tangit,
911 4906 944 4953 Et
962 4903 1100 4953 laceranda
1119 4917 1179 4952 suae
1198 4904 1253 4952 nati
1271 4904 1334 4953 dare
1354 4907 1451 4955 risceru
1469 4906 1553 4965 matri,

180 5056 220 5099 tot
233 5060 338 5111 pectore,
351 5055 410 5110 quod
426 5055 507 5110 probat
521 5056 551 5098 ll.
592 5054 633 5098 000
646 5055 761 5108 tenuique
775 5055 869 5099 isdsslt
885 5077 911 5088 -
925 5065 1004 5111 ριιιι
1019 5053 1048 5096 ll.
1062 5054 1146 5109 partlm
1162 5067 1175 5098 a
1190 5053 1252 5098 codd.
