<?xml version="1.0" encoding="UTF-8"?>
<!DOCTYPE html PUBLIC "-//W3C//DTD XHTML 1.0 Transitional//EN"
    "http://www.w3.org/TR/xhtml1/DTD/xhtml1-transitional.dtd">
<html xmlns="http://www.w3.org/1999/xhtml" xml:lang="en" lang="en">
 <head>
  <title>
</title>
<meta http-equiv="Content-Type" content="text/html;charset=utf-8" />
  <meta name='ocr-system' content='tesseract 3.04.00' />
  <meta name='ocr-capabilities' content='ocr_page ocr_carea ocr_par ocr_line ocrx_word'/>
</head>
<body>
  <div class='ocr_page' id='page_1' title='image "./corpuspoetaruml00webegoog_0301.png"; bbox 0 0 3586 5498; ppageno 0'>
   <div class='ocr_carea' id='block_1_1' title="bbox 132 274 1310 348">
    <p class='ocr_par' dir='ltr' id='par_1_1' title="bbox 132 274 1310 348">
     <span class='ocr_line' id='line_1_1' title="bbox 132 274 1310 348; baseline -0.009 0"><span class='ocrx_word' id='word_1_1' title='bbox 132 274 210 348; x_wconf 86' lang='grc'>000</span> <span class='ocrx_word' id='word_1_2' title='bbox 522 295 560 344; x_wconf 86' lang='grc' dir='ltr'>ι.</span> <span class='ocrx_word' id='word_1_3' title='bbox 586 296 771 345; x_wconf 77' lang='lat' dir='ltr'>aaaron</span> <span class='ocrx_word' id='word_1_4' title='bbox 795 291 1155 346; x_wconf 85' lang='lat' dir='ltr'>asraoaosrreoa.</span> <span class='ocrx_word' id='word_1_5' title='bbox 1179 290 1262 337; x_wconf 87' lang='lat' dir='ltr'>ura.</span> <span class='ocrx_word' id='word_1_6' title='bbox 1285 288 1310 338; x_wconf 92' lang='grc' dir='ltr'>ι.</span> 
     </span>
    </p>
   </div>
   <div class='ocr_carea' id='block_1_2' title="bbox 122 458 1713 3961">
    <p class='ocr_par' dir='ltr' id='par_1_2' title="bbox 132 458 1620 598">
     <span class='ocr_line' id='line_1_2' title="bbox 132 458 1620 530; baseline -0.006 -13"><span class='ocrx_word' id='word_1_7' title='bbox 132 467 266 517; x_wconf 75' lang='lat' dir='ltr'>Exercent</span> <span class='ocrx_word' id='word_1_8' title='bbox 283 466 368 517; x_wconf 85' lang='lat' dir='ltr'>sarias</span> <span class='ocrx_word' id='word_1_9' title='bbox 385 473 497 518; x_wconf 88' lang='lat' dir='ltr'>naturae</span> <span class='ocrx_word' id='word_1_10' title='bbox 515 468 573 530; x_wconf 78' lang='lat' dir='ltr'>iege</span> <span class='ocrx_word' id='word_1_11' title='bbox 592 466 710 518; x_wconf 84' lang='lat' dir='ltr'>choreas.</span> <span class='ocrx_word' id='word_1_12' title='bbox 925 463 1031 514; x_wconf 86' lang='lat' dir='ltr'>Aerlara</span> <span class='ocrx_word' id='word_1_13' title='bbox 1050 463 1077 513; x_wconf 93' lang='lat' dir='ltr'>ln</span> <span class='ocrx_word' id='word_1_14' title='bbox 1093 461 1216 512; x_wconf 83' lang='lat' dir='ltr'>nehsiam</span> <span class='ocrx_word' id='word_1_15' title='bbox 1230 462 1303 511; x_wconf 88' lang='lat' dir='ltr'>clara</span> <span class='ocrx_word' id='word_1_16' title='bbox 1316 458 1493 523; x_wconf 65' lang='lat' dir='ltr'>compagium</span> <span class='ocrx_word' id='word_1_17' title='bbox 1506 472 1620 525; x_wconf 71' lang='lat' dir='ltr'>versas,</span> 
     </span>
     <span class='ocr_line' id='line_1_3' title="bbox 132 528 1498 598; baseline -0.005 -13"><span class='ocrx_word' id='word_1_18' title='bbox 132 536 212 585; x_wconf 81' lang='lat' dir='ltr'>Hauc</span> <span class='ocrx_word' id='word_1_19' title='bbox 230 542 305 585; x_wconf 92' lang='lat' dir='ltr'>tenet</span> <span class='ocrx_word' id='word_1_20' title='bbox 321 552 337 584; x_wconf 91' lang='lat' dir='ltr'>a</span> <span class='ocrx_word' id='word_1_21' title='bbox 355 550 453 586; x_wconf 91' lang='lat' dir='ltr'>summo</span> <span class='ocrx_word' id='word_1_22' title='bbox 466 537 577 597; x_wconf 88' lang='lat' dir='ltr'>Cancer,</span> <span class='ocrx_word' id='word_1_23' title='bbox 595 536 768 598; x_wconf 69' lang='lat' dir='ltr'>Capricornus</span> <span class='ocrx_word' id='word_1_24' title='bbox 785 534 819 583; x_wconf 92' lang='lat' dir='ltr'>ah</span> <span class='ocrx_word' id='word_1_25' title='bbox 831 534 897 583; x_wconf 82' lang='lat' dir='ltr'>imo:</span> <span class='ocrx_word' id='word_1_26' title='bbox 924 533 956 582; x_wconf 87' lang='lat' dir='ltr'>In</span> <span class='ocrx_word' id='word_1_27' title='bbox 967 546 1063 581; x_wconf 89' lang='lat' dir='ltr'>cuneus</span> <span class='ocrx_word' id='word_1_28' title='bbox 1078 530 1126 581; x_wconf 90' lang='lat' dir='ltr'>alti</span> <span class='ocrx_word' id='word_1_29' title='bbox 1138 537 1216 595; x_wconf 70' lang='lat' dir='ltr'>cogat</span> <span class='ocrx_word' id='word_1_30' title='bbox 1231 528 1387 579; x_wconf 80' lang='lat' dir='ltr'>fundamina</span> <span class='ocrx_word' id='word_1_31' title='bbox 1404 528 1498 579; x_wconf 82' lang='lat' dir='ltr'>coeli.</span> 
     </span>
    </p>

    <p class='ocr_par' dir='ltr' id='par_1_3' title="bbox 131 597 1713 736">
     <span class='ocr_line' id='line_1_4' title="bbox 133 597 1713 669; baseline -0.002 -15"><span class='ocrx_word' id='word_1_32' title='bbox 133 606 179 654; x_wconf 84' lang='lat' dir='ltr'>llis</span> <span class='ocrx_word' id='word_1_33' title='bbox 197 605 298 667; x_wconf 77' lang='lat' dir='ltr'>recipit,</span> <span class='ocrx_word' id='word_1_34' title='bbox 316 606 400 654; x_wconf 87' lang='lat' dir='ltr'>luceru</span> <span class='ocrx_word' id='word_1_35' title='bbox 420 606 463 669; x_wconf 93' lang='lat' dir='ltr'>qui</span> <span class='ocrx_word' id='word_1_36' title='bbox 481 606 590 655; x_wconf 88' lang='lat' dir='ltr'>circulus</span> <span class='ocrx_word' id='word_1_37' title='bbox 609 610 705 668; x_wconf 83' lang='lat' dir='ltr'>aequat</span> <span class='ocrx_word' id='word_1_38' title='bbox 722 610 749 653; x_wconf 88' lang='lat' dir='ltr'>et</span> <span class='ocrx_word' id='word_1_39' title='bbox 767 604 881 663; x_wconf 85' lang='lat' dir='ltr'>umbras,</span> <span class='ocrx_word' id='word_1_40' title='bbox 924 602 967 650; x_wconf 91' lang='lat' dir='ltr'>An</span> <span class='ocrx_word' id='word_1_41' title='bbox 984 603 1075 649; x_wconf 84' lang='lat' dir='ltr'>melius</span> <span class='ocrx_word' id='word_1_42' title='bbox 1085 606 1174 649; x_wconf 92' lang='lat' dir='ltr'>manet</span> <span class='ocrx_word' id='word_1_43' title='bbox 1188 600 1233 649; x_wconf 91' lang='lat' dir='ltr'>ilia</span> <span class='ocrx_word' id='word_1_44' title='bbox 1248 597 1323 660; x_wconf 77' lang='lat' dir='ltr'>idea,</span> <span class='ocrx_word' id='word_1_45' title='bbox 1347 610 1400 659; x_wconf 85' lang='lat' dir='ltr'>per</span> <span class='ocrx_word' id='word_1_46' title='bbox 1422 597 1551 647; x_wconf 74' lang='lat' dir='ltr'>necula</span> <span class='ocrx_word' id='word_1_47' title='bbox 1567 598 1660 663; x_wconf 71' lang='lat' dir='ltr'>pibus</span> <span class='ocrx_word' id='word_1_48' title='bbox 1673 604 1713 653; x_wconf 84' lang='grc'>711</span> 
     </span>
     <span class='ocr_line' id='line_1_5' title="bbox 131 666 1516 736; baseline -0.004 -13"><span class='ocrx_word' id='word_1_49' title='bbox 131 674 253 736; x_wconf 77' lang='lat' dir='ltr'>lanigeri</span> <span class='ocrx_word' id='word_1_50' title='bbox 270 682 299 722; x_wconf 92' lang='lat' dir='ltr'>et</span> <span class='ocrx_word' id='word_1_51' title='bbox 315 673 409 723; x_wconf 83' lang='lat' dir='ltr'>Librae</span> <span class='ocrx_word' id='word_1_52' title='bbox 427 674 499 736; x_wconf 72' lang='lat' dir='ltr'>cigno</span> <span class='ocrx_word' id='word_1_53' title='bbox 518 688 564 723; x_wconf 86' lang='lat' dir='ltr'>rua</span> <span class='ocrx_word' id='word_1_54' title='bbox 581 672 626 722; x_wconf 86' lang='lat' dir='ltr'>fila</span> <span class='ocrx_word' id='word_1_55' title='bbox 644 680 786 722; x_wconf 86' lang='lat' dir='ltr'>secantem.</span> <span class='ocrx_word' id='word_1_56' title='bbox 847 674 898 719; x_wconf 84' lang='grc'>070</span> <span class='ocrx_word' id='word_1_57' title='bbox 923 669 989 718; x_wconf 90' lang='lat' dir='ltr'>Illac</span> <span class='ocrx_word' id='word_1_58' title='bbox 1002 670 1068 718; x_wconf 80' lang='lat' dir='ltr'>Solis</span> <span class='ocrx_word' id='word_1_59' title='bbox 1082 683 1160 733; x_wconf 87' lang='lat' dir='ltr'>equor</span> <span class='ocrx_word' id='word_1_60' title='bbox 1172 668 1280 717; x_wconf 82' lang='lat' dir='ltr'>dirersis</span> <span class='ocrx_word' id='word_1_61' title='bbox 1292 666 1413 716; x_wconf 85' lang='lat' dir='ltr'>cursibus</span> <span class='ocrx_word' id='word_1_62' title='bbox 1439 667 1516 730; x_wconf 82' lang='lat' dir='ltr'>isac,</span> 
     </span>
    </p>

    <p class='ocr_par' dir='ltr' id='par_1_4' title="bbox 131 735 1713 874">
     <span class='ocr_line' id='line_1_6' title="bbox 131 735 1713 805; baseline -0.003 -14"><span class='ocrx_word' id='word_1_63' title='bbox 131 742 175 791; x_wconf 74' lang='lat' dir='ltr'>Sic</span> <span class='ocrx_word' id='word_1_64' title='bbox 192 756 239 804; x_wconf 87' lang='lat' dir='ltr'>per</span> <span class='ocrx_word' id='word_1_65' title='bbox 256 748 311 791; x_wconf 86' lang='lat' dir='ltr'>tres</span> <span class='ocrx_word' id='word_1_66' title='bbox 328 757 404 805; x_wconf 74' lang='lat' dir='ltr'>gyros</span> <span class='ocrx_word' id='word_1_67' title='bbox 421 743 531 792; x_wconf 79' lang='lat' dir='ltr'>inflexus</span> <span class='ocrx_word' id='word_1_68' title='bbox 549 742 652 790; x_wconf 84' lang='lat' dir='ltr'>ducitur</span> <span class='ocrx_word' id='word_1_69' title='bbox 669 741 747 803; x_wconf 83' lang='lat' dir='ltr'>orbis,</span> <span class='ocrx_word' id='word_1_70' title='bbox 924 739 1012 803; x_wconf 86' lang='lat' dir='ltr'>Atque</span> <span class='ocrx_word' id='word_1_71' title='bbox 1031 739 1108 787; x_wconf 84' lang='lat' dir='ltr'>aliurn</span> <span class='ocrx_word' id='word_1_72' title='bbox 1125 738 1227 787; x_wconf 81' lang='lat' dir='ltr'>trivisse</span> <span class='ocrx_word' id='word_1_73' title='bbox 1246 737 1329 785; x_wconf 83' lang='lat' dir='ltr'>siam:</span> <span class='ocrx_word' id='word_1_74' title='bbox 1354 735 1536 801; x_wconf 67' lang='lat' dir='ltr'>longumque</span> <span class='ocrx_word' id='word_1_75' title='bbox 1561 750 1617 801; x_wconf 74' lang='lat' dir='ltr'>pes</span> <span class='ocrx_word' id='word_1_76' title='bbox 1633 752 1713 791; x_wconf 76' lang='lat' dir='ltr'>aas·</span> 
     </span>
     <span class='ocr_line' id='line_1_7' title="bbox 132 802 1575 874; baseline -0.003 -15"><span class='ocrx_word' id='word_1_77' title='bbox 132 811 267 874; x_wconf 76' lang='lat' dir='ltr'>Rectaque</span> <span class='ocrx_word' id='word_1_78' title='bbox 285 810 387 859; x_wconf 83' lang='lat' dir='ltr'>devexo</span> <span class='ocrx_word' id='word_1_79' title='bbox 405 810 473 859; x_wconf 87' lang='lat' dir='ltr'>iaiiit</span> <span class='ocrx_word' id='word_1_80' title='bbox 490 812 599 872; x_wconf 79' lang='lat' dir='ltr'>vestigia</span> <span class='ocrx_word' id='word_1_81' title='bbox 619 811 694 858; x_wconf 83' lang='lat' dir='ltr'>clivo.</span> <span class='ocrx_word' id='word_1_82' title='bbox 924 807 1037 855; x_wconf 82' lang='lat' dir='ltr'>Exortus</span> <span class='ocrx_word' id='word_1_83' title='bbox 1050 806 1137 867; x_wconf 86' lang='lat' dir='ltr'>sedes,</span> <span class='ocrx_word' id='word_1_84' title='bbox 1154 806 1305 869; x_wconf 88' lang='lat' dir='ltr'>incoctaqne</span> <span class='ocrx_word' id='word_1_85' title='bbox 1323 802 1418 853; x_wconf 89' lang='lat' dir='ltr'>sidera</span> <span class='ocrx_word' id='word_1_86' title='bbox 1441 802 1575 855; x_wconf 77' lang='lat' dir='ltr'>flammis</span> 
     </span>
    </p>

    <p class='ocr_par' dir='ltr' id='par_1_5' title="bbox 131 874 1572 943">
     <span class='ocr_line' id='line_1_8' title="bbox 131 874 1572 943; baseline -0.002 -15"><span class='ocrx_word' id='word_1_87' title='bbox 131 879 189 928; x_wconf 90' lang='lat' dir='ltr'>Nec</span> <span class='ocrx_word' id='word_1_88' title='bbox 207 879 275 927; x_wconf 88' lang='lat' dir='ltr'>risus</span> <span class='ocrx_word' id='word_1_89' title='bbox 292 880 427 943; x_wconf 90' lang='lat' dir='ltr'>aciemque</span> <span class='ocrx_word' id='word_1_90' title='bbox 445 878 519 941; x_wconf 73' lang='lat' dir='ltr'>fugit,</span> <span class='ocrx_word' id='word_1_91' title='bbox 537 885 691 942; x_wconf 89' lang='lat' dir='ltr'>tantumque</span> <span class='ocrx_word' id='word_1_92' title='bbox 710 878 794 928; x_wconf 89' lang='lat' dir='ltr'>notari</span> <span class='ocrx_word' id='word_1_93' title='bbox 923 874 1079 924; x_wconf 77' lang='lat' dir='ltr'>Caeruleum</span> <span class='ocrx_word' id='word_1_94' title='bbox 1096 889 1171 923; x_wconf 81' lang='lat' dir='ltr'>verso</span> <span class='ocrx_word' id='word_1_95' title='bbox 1184 874 1297 936; x_wconf 88' lang='lat' dir='ltr'>speciem</span> <span class='ocrx_word' id='word_1_96' title='bbox 1307 880 1431 921; x_wconf 87' lang='lat' dir='ltr'>mutasse</span> <span class='ocrx_word' id='word_1_97' title='bbox 1449 875 1572 937; x_wconf 65' lang='lat' dir='ltr'>coloret</span> 
     </span>
    </p>

    <p class='ocr_par' dir='ltr' id='par_1_6' title="bbox 130 939 1713 1149">
     <span class='ocr_line' id='line_1_9' title="bbox 130 939 1713 1010; baseline -0.003 -14"><span class='ocrx_word' id='word_1_98' title='bbox 130 947 222 996; x_wconf 79' lang='lat' dir='ltr'>Mente</span> <span class='ocrx_word' id='word_1_99' title='bbox 240 954 337 1010; x_wconf 89' lang='lat' dir='ltr'>potest,</span> <span class='ocrx_word' id='word_1_100' title='bbox 356 949 422 996; x_wconf 84' lang='lat' dir='ltr'>sicut</span> <span class='ocrx_word' id='word_1_101' title='bbox 440 954 582 996; x_wconf 86' lang='lat' dir='ltr'>cernuntur</span> <span class='ocrx_word' id='word_1_102' title='bbox 600 956 688 996; x_wconf 90' lang='lat' dir='ltr'>mente</span> <span class='ocrx_word' id='word_1_103' title='bbox 707 948 819 1009; x_wconf 74' lang='lat' dir='ltr'>prioresc</span> <span class='ocrx_word' id='word_1_104' title='bbox 924 942 1156 1008; x_wconf 83' lang='lat' dir='ltr'>infusumqucioco</span> <span class='ocrx_word' id='word_1_105' title='bbox 1163 939 1489 1005; x_wconf 79' lang='lat' dir='ltr'>dnerem,muudnmqare</span> <span class='ocrx_word' id='word_1_106' title='bbox 1497 944 1654 1007; x_wconf 58' lang='lat' dir='ltr'>sepultat</span> <span class='ocrx_word' id='word_1_107' title='bbox 1672 952 1713 999; x_wconf 71' lang='lat' dir='ltr'>m</span> 
     </span>
     <span class='ocr_line' id='line_1_10' title="bbox 130 1008 1673 1081; baseline -0.003 -15"><span class='ocrx_word' id='word_1_108' title='bbox 130 1016 184 1066; x_wconf 74' lang='lat' dir='ltr'>Sed</span> <span class='ocrx_word' id='word_1_109' title='bbox 203 1008 270 1064; x_wconf 81' lang='lat' dir='ltr'>nitet</span> <span class='ocrx_word' id='word_1_110' title='bbox 287 1017 387 1078; x_wconf 74' lang='lat' dir='ltr'>ingenti</span> <span class='ocrx_word' id='word_1_111' title='bbox 407 1018 525 1065; x_wconf 77' lang='lat' dir='ltr'>stellatus</span> <span class='ocrx_word' id='word_1_112' title='bbox 543 1017 645 1064; x_wconf 87' lang='lat' dir='ltr'>balteus</span> <span class='ocrx_word' id='word_1_113' title='bbox 663 1016 735 1077; x_wconf 86' lang='lat' dir='ltr'>orbe,</span> <span class='ocrx_word' id='word_1_114' title='bbox 846 1017 896 1063; x_wconf 86' lang='grc'>071</span> <span class='ocrx_word' id='word_1_115' title='bbox 923 1013 1004 1060; x_wconf 84' lang='lat' dir='ltr'>Fama</span> <span class='ocrx_word' id='word_1_116' title='bbox 1018 1013 1096 1061; x_wconf 89' lang='lat' dir='ltr'>ctiam</span> <span class='ocrx_word' id='word_1_117' title='bbox 1109 1010 1223 1076; x_wconf 88' lang='lat' dir='ltr'>antiquis</span> <span class='ocrx_word' id='word_1_118' title='bbox 1235 1010 1269 1060; x_wconf 90' lang='lat' dir='ltr'>ad</span> <span class='ocrx_word' id='word_1_119' title='bbox 1285 1024 1332 1059; x_wconf 91' lang='lat' dir='ltr'>uus</span> <span class='ocrx_word' id='word_1_120' title='bbox 1344 1008 1506 1061; x_wconf 81' lang='lat' dir='ltr'>descendit</span> <span class='ocrx_word' id='word_1_121' title='bbox 1521 1014 1561 1062; x_wconf 87' lang='lat' dir='ltr'>ab</span> <span class='ocrx_word' id='word_1_122' title='bbox 1585 1016 1673 1081; x_wconf 66' lang='lat' dir='ltr'>anab,</span> 
     </span>
     <span class='ocr_line' id='line_1_11' title="bbox 130 1077 1657 1149; baseline -0.001 -15"><span class='ocrx_word' id='word_1_123' title='bbox 130 1085 315 1147; x_wconf 77' lang='lat' dir='ltr'>Insignemqoe</span> <span class='ocrx_word' id='word_1_124' title='bbox 333 1082 397 1133; x_wconf 84' lang='lat' dir='ltr'>facit</span> <span class='ocrx_word' id='word_1_125' title='bbox 413 1087 515 1133; x_wconf 86' lang='lat' dir='ltr'>caelato</span> <span class='ocrx_word' id='word_1_126' title='bbox 533 1085 629 1133; x_wconf 87' lang='lat' dir='ltr'>iumine</span> <span class='ocrx_word' id='word_1_127' title='bbox 647 1083 782 1144; x_wconf 88' lang='lat' dir='ltr'>muudum,</span> <span class='ocrx_word' id='word_1_128' title='bbox 922 1081 1114 1130; x_wconf 69' lang='lat' dir='ltr'>Phaethontem</span> <span class='ocrx_word' id='word_1_129' title='bbox 1134 1080 1219 1143; x_wconf 86' lang='lat' dir='ltr'>patrio</span> <span class='ocrx_word' id='word_1_130' title='bbox 1233 1092 1309 1129; x_wconf 84' lang='lat' dir='ltr'>curro</span> <span class='ocrx_word' id='word_1_131' title='bbox 1327 1092 1378 1141; x_wconf 84' lang='lat' dir='ltr'>per</span> <span class='ocrx_word' id='word_1_132' title='bbox 1392 1077 1482 1142; x_wconf 69' lang='lat' dir='ltr'>rigna</span> <span class='ocrx_word' id='word_1_133' title='bbox 1500 1082 1657 1149; x_wconf 66' lang='lat' dir='ltr'>uolantem,</span> 
     </span>
    </p>

    <p class='ocr_par' dir='ltr' id='par_1_7' title="bbox 129 1148 1602 1215">
     <span class='ocr_line' id='line_1_12' title="bbox 129 1148 1602 1215; baseline 0.001 -14"><span class='ocrx_word' id='word_1_134' title='bbox 129 1153 166 1203; x_wconf 79' lang='lat' dir='ltr'>Et</span> <span class='ocrx_word' id='word_1_135' title='bbox 183 1160 224 1201; x_wconf 89' lang='lat' dir='ltr'>ter</span> <span class='ocrx_word' id='word_1_136' title='bbox 241 1152 345 1201; x_wconf 84' lang='lat' dir='ltr'>vicenas</span> <span class='ocrx_word' id='word_1_137' title='bbox 364 1158 451 1215; x_wconf 87' lang='lat' dir='ltr'>parter</span> <span class='ocrx_word' id='word_1_138' title='bbox 470 1158 545 1215; x_wconf 91' lang='lat' dir='ltr'>patet</span> <span class='ocrx_word' id='word_1_139' title='bbox 561 1159 640 1214; x_wconf 92' lang='lat' dir='ltr'>atque</span> <span class='ocrx_word' id='word_1_140' title='bbox 658 1157 791 1201; x_wconf 89' lang='lat' dir='ltr'>trecentas</span> <span class='ocrx_word' id='word_1_141' title='bbox 923 1151 990 1199; x_wconf 83' lang='lat' dir='ltr'>llum</span> <span class='ocrx_word' id='word_1_142' title='bbox 1004 1148 1472 1212; x_wconf 77' lang='lat' dir='ltr'>noeamiraturpropiusspectacaia</span> <span class='ocrx_word' id='word_1_143' title='bbox 1483 1151 1602 1213; x_wconf 85' lang='lat' dir='ltr'>raaudi,</span> 
     </span>
    </p>

    <p class='ocr_par' dir='ltr' id='par_1_8' title="bbox 130 1216 1583 1283">
     <span class='ocr_line' id='line_1_13' title="bbox 130 1216 1583 1283; baseline -0.003 -14"><span class='ocrx_word' id='word_1_144' title='bbox 130 1220 162 1269; x_wconf 91' lang='lat' dir='ltr'>ln</span> <span class='ocrx_word' id='word_1_145' title='bbox 182 1222 301 1283; x_wconf 77' lang='lat' dir='ltr'>longum:</span> <span class='ocrx_word' id='word_1_146' title='bbox 325 1221 364 1269; x_wconf 87' lang='lat' dir='ltr'>hia</span> <span class='ocrx_word' id='word_1_147' title='bbox 382 1234 428 1269; x_wconf 83' lang='lat' dir='ltr'>rex</span> <span class='ocrx_word' id='word_1_148' title='bbox 445 1222 547 1270; x_wconf 89' lang='lat' dir='ltr'>latescit</span> <span class='ocrx_word' id='word_1_149' title='bbox 563 1219 644 1269; x_wconf 78' lang='lat' dir='ltr'>saecla</span> <span class='ocrx_word' id='word_1_150' title='bbox 666 1226 765 1283; x_wconf 87' lang='lat' dir='ltr'>parter,</span> <span class='ocrx_word' id='word_1_151' title='bbox 922 1219 957 1266; x_wconf 82' lang='lat' dir='ltr'>Et</span> <span class='ocrx_word' id='word_1_152' title='bbox 974 1232 1039 1280; x_wconf 90' lang='lat' dir='ltr'>puer</span> <span class='ocrx_word' id='word_1_153' title='bbox 1055 1218 1080 1266; x_wconf 91' lang='lat' dir='ltr'>in</span> <span class='ocrx_word' id='word_1_154' title='bbox 1097 1220 1170 1267; x_wconf 91' lang='lat' dir='ltr'>coelo</span> <span class='ocrx_word' id='word_1_155' title='bbox 1186 1216 1262 1279; x_wconf 86' lang='lat' dir='ltr'>ladit,</span> <span class='ocrx_word' id='word_1_156' title='bbox 1273 1230 1407 1279; x_wconf 85' lang='lat' dir='ltr'>carraque</span> <span class='ocrx_word' id='word_1_157' title='bbox 1426 1220 1583 1280; x_wconf 75' lang='lat' dir='ltr'>superbas</span> 
     </span>
    </p>

    <p class='ocr_par' dir='ltr' id='par_1_9' title="bbox 130 1284 1711 1421">
     <span class='ocr_line' id='line_1_14' title="bbox 130 1284 1711 1353; baseline -0.003 -13"><span class='ocrx_word' id='word_1_158' title='bbox 130 1290 206 1347; x_wconf 75' lang='lat' dir='ltr'>Quae</span> <span class='ocrx_word' id='word_1_159' title='bbox 224 1290 326 1339; x_wconf 79' lang='lat' dir='ltr'>cohibet</span> <span class='ocrx_word' id='word_1_160' title='bbox 344 1290 416 1339; x_wconf 83' lang='lat' dir='ltr'>sario</span> <span class='ocrx_word' id='word_1_161' title='bbox 434 1289 549 1339; x_wconf 85' lang='lat' dir='ltr'>labentia</span> <span class='ocrx_word' id='word_1_162' title='bbox 566 1288 652 1338; x_wconf 86' lang='lat' dir='ltr'>sidera</span> <span class='ocrx_word' id='word_1_163' title='bbox 670 1303 756 1338; x_wconf 90' lang='lat' dir='ltr'>cursu.</span> <span class='ocrx_word' id='word_1_164' title='bbox 923 1287 1050 1335; x_wconf 73' lang='lat' dir='ltr'>Luxuriat</span> <span class='ocrx_word' id='word_1_165' title='bbox 1062 1286 1169 1347; x_wconf 86' lang='lat' dir='ltr'>mundo,</span> <span class='ocrx_word' id='word_1_166' title='bbox 1183 1285 1255 1348; x_wconf 89' lang='lat' dir='ltr'>cupit</span> <span class='ocrx_word' id='word_1_167' title='bbox 1270 1290 1298 1335; x_wconf 91' lang='lat' dir='ltr'>et</span> <span class='ocrx_word' id='word_1_168' title='bbox 1310 1284 1412 1333; x_wconf 87' lang='lat' dir='ltr'>soaiora</span> <span class='ocrx_word' id='word_1_169' title='bbox 1430 1298 1579 1353; x_wconf 82' lang='lat' dir='ltr'>parente,</span> <span class='ocrx_word' id='word_1_170' title='bbox 1670 1296 1711 1343; x_wconf 76' lang='lat' dir='ltr'>m</span> 
     </span>
     <span class='ocr_line' id='line_1_15' title="bbox 130 1353 1609 1421; baseline -0.005 -14"><span class='ocrx_word' id='word_1_171' title='bbox 130 1357 208 1407; x_wconf 80' lang='lat' dir='ltr'>Alter</span> <span class='ocrx_word' id='word_1_172' title='bbox 226 1359 252 1406; x_wconf 90' lang='lat' dir='ltr'>iu</span> <span class='ocrx_word' id='word_1_173' title='bbox 272 1358 409 1407; x_wconf 81' lang='lat' dir='ltr'>adversum</span> <span class='ocrx_word' id='word_1_174' title='bbox 428 1359 525 1421; x_wconf 87' lang='lat' dir='ltr'>positas</span> <span class='ocrx_word' id='word_1_175' title='bbox 543 1357 661 1408; x_wconf 74' lang='lat' dir='ltr'>succedit</span> <span class='ocrx_word' id='word_1_176' title='bbox 677 1357 712 1407; x_wconf 92' lang='lat' dir='ltr'>ad</span> <span class='ocrx_word' id='word_1_177' title='bbox 733 1357 895 1419; x_wconf 74' lang='lat' dir='ltr'>Arctos,titll</span> <span class='ocrx_word' id='word_1_178' title='bbox 922 1356 1082 1404; x_wconf 82' lang='lat' dir='ltr'>Monstratas</span> <span class='ocrx_word' id='word_1_179' title='bbox 1098 1355 1202 1419; x_wconf 85' lang='lat' dir='ltr'>liquisse</span> <span class='ocrx_word' id='word_1_180' title='bbox 1210 1354 1275 1415; x_wconf 79' lang='lat' dir='ltr'>rias,</span> <span class='ocrx_word' id='word_1_181' title='bbox 1289 1353 1436 1417; x_wconf 80' lang='lat' dir='ltr'>orbemque</span> <span class='ocrx_word' id='word_1_182' title='bbox 1454 1356 1609 1421; x_wconf 61' lang='lat' dir='ltr'>rigorum</span> 
     </span>
    </p>

    <p class='ocr_par' dir='ltr' id='par_1_10' title="bbox 128 1422 1710 1971">
     <span class='ocr_line' id='line_1_16' title="bbox 129 1422 1585 1490; baseline 0.001 -14"><span class='ocrx_word' id='word_1_183' title='bbox 129 1427 166 1476; x_wconf 73' lang='lat' dir='ltr'>Bt</span> <span class='ocrx_word' id='word_1_184' title='bbox 182 1429 287 1490; x_wconf 90' lang='lat' dir='ltr'>paulum</span> <span class='ocrx_word' id='word_1_185' title='bbox 306 1442 322 1476; x_wconf 89' lang='lat' dir='ltr'>a</span> <span class='ocrx_word' id='word_1_186' title='bbox 340 1427 442 1476; x_wconf 87' lang='lat' dir='ltr'>Boreae</span> <span class='ocrx_word' id='word_1_187' title='bbox 460 1442 523 1490; x_wconf 64' lang='lat' dir='ltr'>gyro</span> <span class='ocrx_word' id='word_1_188' title='bbox 542 1442 588 1477; x_wconf 88' lang='lat' dir='ltr'>sua</span> <span class='ocrx_word' id='word_1_189' title='bbox 606 1426 651 1475; x_wconf 84' lang='lat' dir='ltr'>iila</span> <span class='ocrx_word' id='word_1_190' title='bbox 669 1426 780 1487; x_wconf 89' lang='lat' dir='ltr'>reducit,</span> <span class='ocrx_word' id='word_1_191' title='bbox 922 1424 1079 1486; x_wconf 87' lang='lat' dir='ltr'>imposuisse</span> <span class='ocrx_word' id='word_1_192' title='bbox 1097 1424 1173 1485; x_wconf 82' lang='lat' dir='ltr'>poio:</span> <span class='ocrx_word' id='word_1_193' title='bbox 1188 1436 1238 1471; x_wconf 90' lang='lat' dir='ltr'>nec</span> <span class='ocrx_word' id='word_1_194' title='bbox 1253 1422 1452 1483; x_wconf 74' lang='lat' dir='ltr'>signalnsneta</span> <span class='ocrx_word' id='word_1_195' title='bbox 1477 1426 1585 1478; x_wconf 89' lang='lat' dir='ltr'>tulisse</span> 
     </span>
     <span class='ocr_line' id='line_1_17' title="bbox 128 1491 1626 1559; baseline -0.003 -15"><span class='ocrx_word' id='word_1_196' title='bbox 128 1496 284 1557; x_wconf 65' lang='lat' dir='ltr'>&#39;lbanritqoe</span> <span class='ocrx_word' id='word_1_197' title='bbox 302 1495 421 1544; x_wconf 83' lang='lat' dir='ltr'>inversae</span> <span class='ocrx_word' id='word_1_198' title='bbox 440 1510 488 1559; x_wconf 89' lang='lat' dir='ltr'>per</span> <span class='ocrx_word' id='word_1_199' title='bbox 506 1495 594 1545; x_wconf 88' lang='lat' dir='ltr'>sidera</span> <span class='ocrx_word' id='word_1_200' title='bbox 611 1494 771 1558; x_wconf 89' lang='lat' dir='ltr'>Cassiepiae.</span> <span class='ocrx_word' id='word_1_201' title='bbox 922 1494 1046 1541; x_wconf 79' lang='lat' dir='ltr'>Errantes</span> <span class='ocrx_word' id='word_1_202' title='bbox 1065 1499 1129 1541; x_wconf 88' lang='lat' dir='ltr'>nutu</span> <span class='ocrx_word' id='word_1_203' title='bbox 1149 1491 1285 1551; x_wconf 70' lang='lat' dir='ltr'>flammas,</span> <span class='ocrx_word' id='word_1_204' title='bbox 1306 1504 1475 1555; x_wconf 83' lang='lat' dir='ltr'>cansamque</span> <span class='ocrx_word' id='word_1_205' title='bbox 1495 1497 1626 1549; x_wconf 67' lang='lat' dir='ltr'>auiam</span> 
     </span>
     <span class='ocr_line' id='line_1_18' title="bbox 129 1559 1710 1634; baseline -0.003 -23"><span class='ocrx_word' id='word_1_206' title='bbox 129 1562 198 1612; x_wconf 91' lang='lat' dir='ltr'>lude</span> <span class='ocrx_word' id='word_1_207' title='bbox 216 1579 264 1625; x_wconf 89' lang='lat' dir='ltr'>per</span> <span class='ocrx_word' id='word_1_208' title='bbox 282 1564 411 1626; x_wconf 85' lang='lat' dir='ltr'>obliquum</span> <span class='ocrx_word' id='word_1_209' title='bbox 430 1563 592 1613; x_wconf 87' lang='lat' dir='ltr'>descendens</span> <span class='ocrx_word' id='word_1_210' title='bbox 610 1565 694 1626; x_wconf 74' lang='lat' dir='ltr'>tangit</span> <span class='ocrx_word' id='word_1_211' title='bbox 711 1563 837 1624; x_wconf 76' lang='lat' dir='ltr'>Olorem3</span> <span class='ocrx_word' id='word_1_212' title='bbox 922 1560 1058 1611; x_wconf 84' lang='lat' dir='ltr'>lleiiexum</span> <span class='ocrx_word' id='word_1_213' title='bbox 1075 1561 1150 1609; x_wconf 89' lang='lat' dir='ltr'>solito</span> <span class='ocrx_word' id='word_1_214' title='bbox 1170 1574 1256 1619; x_wconf 86' lang='lat' dir='ltr'>cursu,</span> <span class='ocrx_word' id='word_1_215' title='bbox 1276 1559 1415 1623; x_wconf 82' lang='lat' dir='ltr'>currisque</span> <span class='ocrx_word' id='word_1_216' title='bbox 1428 1562 1598 1629; x_wconf 68' lang='lat' dir='ltr'>qaadrlgk,</span> <span class='ocrx_word' id='word_1_217' title='bbox 1657 1570 1710 1634; x_wconf 71' lang='lat' dir='ltr'>[m</span> 
     </span>
     <span class='ocr_line' id='line_1_19' title="bbox 129 1627 1710 1701; baseline -0.002 -20"><span class='ocrx_word' id='word_1_218' title='bbox 129 1631 302 1696; x_wconf 87' lang='lat' dir='ltr'>Aestivosque</span> <span class='ocrx_word' id='word_1_219' title='bbox 321 1639 394 1681; x_wconf 87' lang='lat' dir='ltr'>secet</span> <span class='ocrx_word' id='word_1_220' title='bbox 411 1632 477 1681; x_wconf 87' lang='lat' dir='ltr'>finer</span> <span class='ocrx_word' id='word_1_221' title='bbox 496 1632 668 1697; x_wconf 77' lang='lat' dir='ltr'>Aquilamque</span> <span class='ocrx_word' id='word_1_222' title='bbox 695 1632 894 1696; x_wconf 82' lang='lat' dir='ltr'>supinam,[titib</span> <span class='ocrx_word' id='word_1_223' title='bbox 922 1629 1014 1689; x_wconf 79' lang='lat' dir='ltr'>(Quod</span> <span class='ocrx_word' id='word_1_224' title='bbox 1033 1627 1396 1694; x_wconf 70' lang='lat' dir='ltr'>querimurltiarnmastotom</span> <span class='ocrx_word' id='word_1_225' title='bbox 1412 1630 1531 1683; x_wconf 73' lang='lat' dir='ltr'>senisse</span> <span class='ocrx_word' id='word_1_226' title='bbox 1544 1648 1602 1698; x_wconf 78' lang='lat' dir='ltr'>paa-</span> <span class='ocrx_word' id='word_1_227' title='bbox 1621 1638 1710 1701; x_wconf 55' lang='grc' dir='ltr'>ηιμ,</span> 
     </span>
     <span class='ocr_line' id='line_1_20' title="bbox 128 1697 1654 1772; baseline -0.002 -23"><span class='ocrx_word' id='word_1_228' title='bbox 128 1701 309 1764; x_wconf 89' lang='lat' dir='ltr'>Temporaquc</span> <span class='ocrx_word' id='word_1_229' title='bbox 319 1709 475 1764; x_wconf 89' lang='lat' dir='ltr'>aequantem</span> <span class='ocrx_word' id='word_1_230' title='bbox 493 1716 594 1765; x_wconf 73' lang='lat' dir='ltr'>gyrum,</span> <span class='ocrx_word' id='word_1_231' title='bbox 612 1715 755 1764; x_wconf 84' lang='lat' dir='ltr'>zonamque</span> <span class='ocrx_word' id='word_1_232' title='bbox 766 1700 895 1750; x_wconf 80' lang='lat' dir='ltr'>ferentem</span> <span class='ocrx_word' id='word_1_233' title='bbox 919 1700 1111 1763; x_wconf 83' lang='lat' dir='ltr'>Terrarumque</span> <span class='ocrx_word' id='word_1_234' title='bbox 1131 1712 1219 1761; x_wconf 71' lang='lat' dir='ltr'>rogum</span> <span class='ocrx_word' id='word_1_235' title='bbox 1236 1704 1343 1745; x_wconf 86' lang='lat' dir='ltr'>cunctas</span> <span class='ocrx_word' id='word_1_236' title='bbox 1356 1697 1463 1747; x_wconf 88' lang='lat' dir='ltr'>arsisse</span> <span class='ocrx_word' id='word_1_237' title='bbox 1480 1714 1539 1763; x_wconf 83' lang='lat' dir='ltr'>per</span> <span class='ocrx_word' id='word_1_238' title='bbox 1556 1705 1654 1772; x_wconf 59' lang='lat' dir='ltr'>arba,</span> 
     </span>
     <span class='ocr_line' id='line_1_21' title="bbox 129 1764 1545 1833; baseline 0 -16"><span class='ocrx_word' id='word_1_239' title='bbox 129 1769 196 1818; x_wconf 77' lang='lat' dir='ltr'>Solis</span> <span class='ocrx_word' id='word_1_240' title='bbox 215 1783 305 1832; x_wconf 90' lang='lat' dir='ltr'>equor,</span> <span class='ocrx_word' id='word_1_241' title='bbox 323 1770 391 1817; x_wconf 91' lang='lat' dir='ltr'>iutra</span> <span class='ocrx_word' id='word_1_242' title='bbox 409 1768 529 1831; x_wconf 87' lang='lat' dir='ltr'>caudam,</span> <span class='ocrx_word' id='word_1_243' title='bbox 548 1783 598 1832; x_wconf 90' lang='lat' dir='ltr'>qua</span> <span class='ocrx_word' id='word_1_244' title='bbox 612 1770 733 1831; x_wconf 79' lang='lat' dir='ltr'>Scorpios</span> <span class='ocrx_word' id='word_1_245' title='bbox 751 1769 837 1833; x_wconf 87' lang='lat' dir='ltr'>ardet,</span> <span class='ocrx_word' id='word_1_246' title='bbox 921 1768 1007 1818; x_wconf 81' lang='lat' dir='ltr'>Quum</span> <span class='ocrx_word' id='word_1_247' title='bbox 1021 1782 1087 1828; x_wconf 71' lang='lat' dir='ltr'>vaga</span> <span class='ocrx_word' id='word_1_248' title='bbox 1104 1767 1214 1829; x_wconf 85' lang='lat' dir='ltr'>dispersi</span> <span class='ocrx_word' id='word_1_249' title='bbox 1229 1764 1363 1815; x_wconf 90' lang='lat' dir='ltr'>tinitarunt</span> <span class='ocrx_word' id='word_1_250' title='bbox 1382 1766 1495 1817; x_wconf 68' lang='lat' dir='ltr'>lumina</span> <span class='ocrx_word' id='word_1_251' title='bbox 1507 1784 1545 1821; x_wconf 82' lang='lat' dir='ltr'>ea</span> 
     </span>
     <span class='ocr_line' id='line_1_22' title="bbox 129 1832 1707 1909; baseline 0.004 -24"><span class='ocrx_word' id='word_1_252' title='bbox 129 1834 333 1901; x_wconf 72' lang='lat' dir='ltr'>Extremamque</span> <span class='ocrx_word' id='word_1_253' title='bbox 347 1836 470 1899; x_wconf 71' lang='lat' dir='ltr'>Sagittari</span> <span class='ocrx_word' id='word_1_254' title='bbox 488 1839 599 1900; x_wconf 77' lang='lat' dir='ltr'>iaevam,</span> <span class='ocrx_word' id='word_1_255' title='bbox 616 1844 694 1902; x_wconf 91' lang='lat' dir='ltr'>atque</span> <span class='ocrx_word' id='word_1_256' title='bbox 713 1839 843 1901; x_wconf 75' lang='lat' dir='ltr'>sagittam.</span> <span class='ocrx_word' id='word_1_257' title='bbox 921 1837 955 1884; x_wconf 85' lang='lat' dir='ltr'>Et</span> <span class='ocrx_word' id='word_1_258' title='bbox 972 1836 1072 1884; x_wconf 87' lang='lat' dir='ltr'>coelum</span> <span class='ocrx_word' id='word_1_259' title='bbox 1085 1842 1204 1884; x_wconf 85' lang='lat' dir='ltr'>caustum</span> <span class='ocrx_word' id='word_1_260' title='bbox 1220 1840 1276 1884; x_wconf 75' lang='lat' dir='ltr'>este</span> <span class='ocrx_word' id='word_1_261' title='bbox 1291 1834 1339 1883; x_wconf 90' lang='lat' dir='ltr'>luit</span> <span class='ocrx_word' id='word_1_262' title='bbox 1354 1832 1414 1895; x_wconf 84' lang='lat' dir='ltr'>lpse</span> <span class='ocrx_word' id='word_1_263' title='bbox 1435 1836 1583 1891; x_wconf 77' lang='lat' dir='ltr'>saccudia</span> <span class='ocrx_word' id='word_1_264' title='bbox 1595 1842 1707 1909; x_wconf 70' lang='lat' dir='ltr'>undu,</span> 
     </span>
     <span class='ocr_line' id='line_1_23' title="bbox 129 1900 1564 1971; baseline 0.002 -17"><span class='ocrx_word' id='word_1_265' title='bbox 129 1904 198 1954; x_wconf 87' lang='lat' dir='ltr'>Inde</span> <span class='ocrx_word' id='word_1_266' title='bbox 217 1919 276 1954; x_wconf 82' lang='lat' dir='ltr'>auor</span> <span class='ocrx_word' id='word_1_267' title='bbox 294 1906 380 1955; x_wconf 90' lang='lat' dir='ltr'>ainuat</span> <span class='ocrx_word' id='word_1_268' title='bbox 397 1905 481 1956; x_wconf 78' lang='lat' dir='ltr'>desua</span> <span class='ocrx_word' id='word_1_269' title='bbox 498 1920 547 1969; x_wconf 90' lang='lat' dir='ltr'>per</span> <span class='ocrx_word' id='word_1_270' title='bbox 564 1920 640 1954; x_wconf 89' lang='lat' dir='ltr'>crura</span> <span class='ocrx_word' id='word_1_271' title='bbox 658 1906 791 1970; x_wconf 88' lang='lat' dir='ltr'>pedesque</span> <span class='ocrx_word' id='word_1_272' title='bbox 921 1904 956 1953; x_wconf 83' lang='lat' dir='ltr'>Et</span> <span class='ocrx_word' id='word_1_273' title='bbox 970 1918 1037 1953; x_wconf 84' lang='lat' dir='ltr'>nova</span> <span class='ocrx_word' id='word_1_274' title='bbox 1051 1904 1139 1953; x_wconf 81' lang='lat' dir='ltr'>ricluir</span> <span class='ocrx_word' id='word_1_275' title='bbox 1157 1903 1302 1967; x_wconf 71' lang='lat' dir='ltr'>flagrarunt</span> <span class='ocrx_word' id='word_1_276' title='bbox 1319 1900 1409 1952; x_wconf 89' lang='lat' dir='ltr'>sidera</span> <span class='ocrx_word' id='word_1_277' title='bbox 1420 1903 1564 1971; x_wconf 82' lang='lat' dir='ltr'>iiamraia,</span> 
     </span>
    </p>

    <p class='ocr_par' dir='ltr' id='par_1_11' title="bbox 128 1969 1706 2107">
     <span class='ocr_line' id='line_1_24' title="bbox 128 1969 1706 2038; baseline 0.001 -15"><span class='ocrx_word' id='word_1_278' title='bbox 128 1972 254 2023; x_wconf 86' lang='lat' dir='ltr'>Centauri</span> <span class='ocrx_word' id='word_1_279' title='bbox 271 1974 391 2023; x_wconf 86' lang='lat' dir='ltr'>alterius:</span> <span class='ocrx_word' id='word_1_280' title='bbox 410 1989 550 2038; x_wconf 72' lang='lat' dir='ltr'>rursusque</span> <span class='ocrx_word' id='word_1_281' title='bbox 567 1975 711 2024; x_wconf 88' lang='lat' dir='ltr'>ascendere</span> <span class='ocrx_word' id='word_1_282' title='bbox 729 1976 829 2024; x_wconf 89' lang='lat' dir='ltr'>coelum</span> <span class='ocrx_word' id='word_1_283' title='bbox 922 1973 998 2022; x_wconf 86' lang='lat' dir='ltr'>Nunc</span> <span class='ocrx_word' id='word_1_284' title='bbox 1013 1987 1115 2037; x_wconf 90' lang='lat' dir='ltr'>quoque</span> <span class='ocrx_word' id='word_1_285' title='bbox 1130 1973 1267 2036; x_wconf 90' lang='lat' dir='ltr'>praeteriti</span> <span class='ocrx_word' id='word_1_286' title='bbox 1283 1969 1375 2021; x_wconf 79' lang='lat' dir='ltr'>faciem</span> <span class='ocrx_word' id='word_1_287' title='bbox 1392 1970 1556 2028; x_wconf 75' lang='lat' dir='ltr'>refereat&#39;n</span> <span class='ocrx_word' id='word_1_288' title='bbox 1566 1986 1706 2033; x_wconf 57' lang='lat' dir='ltr'>musas</span> 
     </span>
     <span class='ocr_line' id='line_1_25' title="bbox 128 2039 1627 2107; baseline 0.005 -17"><span class='ocrx_word' id='word_1_289' title='bbox 128 2041 241 2104; x_wconf 86' lang='lat' dir='ltr'>lucipit;</span> <span class='ocrx_word' id='word_1_290' title='bbox 262 2042 437 2106; x_wconf 75' lang='lat' dir='ltr'>Argiuumque</span> <span class='ocrx_word' id='word_1_291' title='bbox 446 2050 528 2092; x_wconf 90' lang='lat' dir='ltr'>ratem</span> <span class='ocrx_word' id='word_1_292' title='bbox 539 2057 587 2106; x_wconf 91' lang='lat' dir='ltr'>per</span> <span class='ocrx_word' id='word_1_293' title='bbox 596 2044 721 2105; x_wconf 86' lang='lat' dir='ltr'>aplustria</span> <span class='ocrx_word' id='word_1_294' title='bbox 728 2058 835 2107; x_wconf 86' lang='lat' dir='ltr'>somma,</span> <span class='ocrx_word' id='word_1_295' title='bbox 844 2049 895 2096; x_wconf 79' lang='grc'>000</span> <span class='ocrx_word' id='word_1_296' title='bbox 921 2042 979 2090; x_wconf 89' lang='lat' dir='ltr'>Nec</span> <span class='ocrx_word' id='word_1_297' title='bbox 1001 2042 1061 2090; x_wconf 88' lang='lat' dir='ltr'>milri</span> <span class='ocrx_word' id='word_1_298' title='bbox 1078 2041 1190 2091; x_wconf 90' lang='lat' dir='ltr'>celanda</span> <span class='ocrx_word' id='word_1_299' title='bbox 1207 2039 1344 2090; x_wconf 69' lang='lat' dir='ltr'>utiamae</span> <span class='ocrx_word' id='word_1_300' title='bbox 1358 2042 1477 2104; x_wconf 69' lang='lat' dir='ltr'>vulgata</span> <span class='ocrx_word' id='word_1_301' title='bbox 1493 2054 1627 2101; x_wconf 80' lang='lat' dir='ltr'>uetustas</span> 
     </span>
    </p>

    <p class='ocr_par' dir='ltr' id='par_1_12' title="bbox 128 2107 1495 2176">
     <span class='ocr_line' id='line_1_26' title="bbox 128 2107 1495 2176; baseline 0.005 -20"><span class='ocrx_word' id='word_1_302' title='bbox 128 2108 163 2157; x_wconf 79' lang='lat' dir='ltr'>Et</span> <span class='ocrx_word' id='word_1_303' title='bbox 181 2110 293 2158; x_wconf 88' lang='lat' dir='ltr'>medinm</span> <span class='ocrx_word' id='word_1_304' title='bbox 313 2111 402 2160; x_wconf 90' lang='lat' dir='ltr'>mundi</span> <span class='ocrx_word' id='word_1_305' title='bbox 420 2126 522 2174; x_wconf 76' lang='lat' dir='ltr'>gyrum,</span> <span class='ocrx_word' id='word_1_306' title='bbox 541 2112 716 2176; x_wconf 84' lang='lat' dir='ltr'>Geminosque</span> <span class='ocrx_word' id='word_1_307' title='bbox 739 2127 787 2175; x_wconf 87' lang='lat' dir='ltr'>per</span> <span class='ocrx_word' id='word_1_308' title='bbox 809 2113 861 2163; x_wconf 89' lang='lat' dir='ltr'>ima</span> <span class='ocrx_word' id='word_1_309' title='bbox 919 2111 1033 2171; x_wconf 86' lang='lat' dir='ltr'>Mollior,</span> <span class='ocrx_word' id='word_1_310' title='bbox 1046 2107 1342 2160; x_wconf 79' lang='lat' dir='ltr'>eniveoiactisflusisse</span> <span class='ocrx_word' id='word_1_311' title='bbox 1355 2109 1495 2173; x_wconf 73' lang='lat' dir='ltr'>liquorem</span> 
     </span>
    </p>

    <p class='ocr_par' dir='ltr' id='par_1_13' title="bbox 127 2177 1553 2312">
     <span class='ocr_line' id='line_1_27' title="bbox 127 2177 1553 2245; baseline 0.004 -20"><span class='ocrx_word' id='word_1_312' title='bbox 127 2177 208 2240; x_wconf 73' lang='lat' dir='ltr'>Sigus</span> <span class='ocrx_word' id='word_1_313' title='bbox 217 2192 308 2227; x_wconf 84' lang='lat' dir='ltr'>secans</span> <span class='ocrx_word' id='word_1_314' title='bbox 317 2180 385 2228; x_wconf 90' lang='lat' dir='ltr'>subit</span> <span class='ocrx_word' id='word_1_315' title='bbox 393 2180 575 2241; x_wconf 65' lang='lat' dir='ltr'>Heniochum</span> <span class='ocrx_word' id='word_1_316' title='bbox 595 2187 672 2245; x_wconf 91' lang='lat' dir='ltr'>teque</span> <span class='ocrx_word' id='word_1_317' title='bbox 682 2180 744 2229; x_wconf 92' lang='lat' dir='ltr'>iude</span> <span class='ocrx_word' id='word_1_318' title='bbox 753 2180 894 2245; x_wconf 82' lang='lat' dir='ltr'>proiectus,</span> <span class='ocrx_word' id='word_1_319' title='bbox 920 2179 1032 2227; x_wconf 83' lang='lat' dir='ltr'>Pectore</span> <span class='ocrx_word' id='word_1_320' title='bbox 1044 2180 1151 2241; x_wconf 77' lang='lat' dir='ltr'>reginae</span> <span class='ocrx_word' id='word_1_321' title='bbox 1167 2179 1265 2240; x_wconf 87' lang='lat' dir='ltr'>diram,</span> <span class='ocrx_word' id='word_1_322' title='bbox 1277 2178 1432 2242; x_wconf 88' lang='lat' dir='ltr'>coelumque</span> <span class='ocrx_word' id='word_1_323' title='bbox 1449 2182 1553 2235; x_wconf 83' lang='lat' dir='ltr'>calore</span> 
     </span>
     <span class='ocr_line' id='line_1_28' title="bbox 127 2246 1509 2312; baseline 0.001 -16"><span class='ocrx_word' id='word_1_324' title='bbox 127 2246 270 2309; x_wconf 87' lang='lat' dir='ltr'>Cassiepia,</span> <span class='ocrx_word' id='word_1_325' title='bbox 288 2255 382 2310; x_wconf 82' lang='lat' dir='ltr'>petens</span> <span class='ocrx_word' id='word_1_326' title='bbox 400 2265 481 2312; x_wconf 88' lang='lat' dir='ltr'>snper</span> <span class='ocrx_word' id='word_1_327' title='bbox 497 2253 578 2312; x_wconf 88' lang='lat' dir='ltr'>ipsum</span> <span class='ocrx_word' id='word_1_328' title='bbox 593 2250 692 2299; x_wconf 85' lang='lat' dir='ltr'>Persea</span> <span class='ocrx_word' id='word_1_329' title='bbox 710 2251 818 2312; x_wconf 72' lang='grc' dir='ltr'>ίιιιιιίίς</span> <span class='ocrx_word' id='word_1_330' title='bbox 921 2246 1046 2296; x_wconf 75' lang='lat' dir='ltr'>iniecisse</span> <span class='ocrx_word' id='word_1_331' title='bbox 1059 2262 1119 2297; x_wconf 89' lang='lat' dir='ltr'>suo:</span> <span class='ocrx_word' id='word_1_332' title='bbox 1136 2254 1295 2312; x_wconf 88' lang='lat' dir='ltr'>quapropter</span> <span class='ocrx_word' id='word_1_333' title='bbox 1311 2248 1412 2296; x_wconf 88' lang='lat' dir='ltr'>lacteus</span> <span class='ocrx_word' id='word_1_334' title='bbox 1425 2250 1509 2301; x_wconf 85' lang='lat' dir='ltr'>orbis</span> 
     </span>
    </p>

    <p class='ocr_par' dir='ltr' id='par_1_14' title="bbox 125 2315 1706 2451">
     <span class='ocr_line' id='line_1_29' title="bbox 128 2315 1706 2386; baseline 0.004 -23"><span class='ocrx_word' id='word_1_335' title='bbox 128 2315 279 2380; x_wconf 85' lang='lat' dir='ltr'>orbemque</span> <span class='ocrx_word' id='word_1_336' title='bbox 298 2331 330 2365; x_wconf 82' lang='lat' dir='ltr'>ex</span> <span class='ocrx_word' id='word_1_337' title='bbox 352 2319 396 2366; x_wconf 92' lang='lat' dir='ltr'>illa</span> <span class='ocrx_word' id='word_1_338' title='bbox 415 2325 536 2381; x_wconf 87' lang='lat' dir='ltr'>coeptnnr</span> <span class='ocrx_word' id='word_1_339' title='bbox 555 2319 686 2368; x_wconf 83' lang='lat' dir='ltr'>concludit</span> <span class='ocrx_word' id='word_1_340' title='bbox 714 2320 739 2368; x_wconf 93' lang='lat' dir='ltr'>iu</span> <span class='ocrx_word' id='word_1_341' title='bbox 764 2320 823 2369; x_wconf 84' lang='lat' dir='ltr'>iila:</span> <span class='ocrx_word' id='word_1_342' title='bbox 920 2317 1032 2376; x_wconf 85' lang='lat' dir='ltr'>Dicitur,</span> <span class='ocrx_word' id='word_1_343' title='bbox 1044 2323 1071 2366; x_wconf 89' lang='lat' dir='ltr'>et</span> <span class='ocrx_word' id='word_1_344' title='bbox 1087 2331 1182 2366; x_wconf 90' lang='lat' dir='ltr'>nomen</span> <span class='ocrx_word' id='word_1_345' title='bbox 1201 2331 1281 2365; x_wconf 87' lang='lat' dir='ltr'>causa</span> <span class='ocrx_word' id='word_1_346' title='bbox 1294 2315 1435 2366; x_wconf 85' lang='lat' dir='ltr'>descendit</span> <span class='ocrx_word' id='word_1_347' title='bbox 1453 2320 1495 2369; x_wconf 91' lang='lat' dir='ltr'>ah</span> <span class='ocrx_word' id='word_1_348' title='bbox 1512 2321 1589 2386; x_wconf 70' lang='lat' dir='ltr'>lp..</span> <span class='ocrx_word' id='word_1_349' title='bbox 1662 2328 1706 2377; x_wconf 72' lang='grc' dir='ltr'><strong>7η</strong></span> 
     </span>
     <span class='ocr_line' id='line_1_30' title="bbox 125 2383 1514 2451; baseline 0.003 -19"><span class='ocrx_word' id='word_1_350' title='bbox 125 2384 242 2449; x_wconf 78' lang='lat' dir='ltr'>Tresque</span> <span class='ocrx_word' id='word_1_351' title='bbox 260 2392 333 2435; x_wconf 88' lang='lat' dir='ltr'>secat</span> <span class='ocrx_word' id='word_1_352' title='bbox 349 2387 447 2438; x_wconf 88' lang='lat' dir='ltr'>medior</span> <span class='ocrx_word' id='word_1_353' title='bbox 462 2402 548 2450; x_wconf 74' lang='lat' dir='ltr'>gyros,</span> <span class='ocrx_word' id='word_1_354' title='bbox 566 2395 593 2436; x_wconf 89' lang='lat' dir='ltr'>et</span> <span class='ocrx_word' id='word_1_355' title='bbox 611 2389 684 2450; x_wconf 74' lang='lat' dir='ltr'>signa</span> <span class='ocrx_word' id='word_1_356' title='bbox 696 2385 893 2451; x_wconf 80' lang='lat' dir='ltr'>ferentem,illlt</span> <span class='ocrx_word' id='word_1_357' title='bbox 919 2383 962 2434; x_wconf 90' lang='lat' dir='ltr'>An</span> <span class='ocrx_word' id='word_1_358' title='bbox 978 2385 1058 2434; x_wconf 90' lang='lat' dir='ltr'>maior</span> <span class='ocrx_word' id='word_1_359' title='bbox 1069 2385 1153 2435; x_wconf 88' lang='lat' dir='ltr'>densa</span> <span class='ocrx_word' id='word_1_360' title='bbox 1166 2387 1298 2435; x_wconf 78' lang='lat' dir='ltr'>stellarum</span> <span class='ocrx_word' id='word_1_361' title='bbox 1314 2384 1391 2433; x_wconf 89' lang='lat' dir='ltr'>turha</span> <span class='ocrx_word' id='word_1_362' title='bbox 1404 2399 1514 2440; x_wconf 85' lang='lat' dir='ltr'>corona</span> 
     </span>
    </p>

    <p class='ocr_par' dir='ltr' id='par_1_15' title="bbox 126 2451 1609 2526">
     <span class='ocr_line' id='line_1_31' title="bbox 126 2451 1609 2526; baseline 0.003 -25"><span class='ocrx_word' id='word_1_363' title='bbox 126 2451 248 2501; x_wconf 87' lang='lat' dir='ltr'>Partibus</span> <span class='ocrx_word' id='word_1_364' title='bbox 267 2468 282 2502; x_wconf 96' lang='lat' dir='ltr'>e</span> <span class='ocrx_word' id='word_1_365' title='bbox 301 2455 375 2516; x_wconf 91' lang='lat' dir='ltr'>binis,</span> <span class='ocrx_word' id='word_1_366' title='bbox 393 2459 493 2520; x_wconf 88' lang='lat' dir='ltr'>quoties</span> <span class='ocrx_word' id='word_1_367' title='bbox 512 2456 672 2518; x_wconf 75' lang='lat' dir='ltr'>praeciditur</span> <span class='ocrx_word' id='word_1_368' title='bbox 688 2457 754 2518; x_wconf 91' lang='lat' dir='ltr'>ipse.</span> <span class='ocrx_word' id='word_1_369' title='bbox 918 2454 1043 2502; x_wconf 83' lang='lat' dir='ltr'>Contexit</span> <span class='ocrx_word' id='word_1_370' title='bbox 1062 2453 1190 2515; x_wconf 85' lang='lat' dir='ltr'>dammas,</span> <span class='ocrx_word' id='word_1_371' title='bbox 1209 2460 1238 2502; x_wconf 89' lang='lat' dir='ltr'>et</span> <span class='ocrx_word' id='word_1_372' title='bbox 1257 2468 1344 2503; x_wconf 78' lang='grc' dir='ltr'>οιιιιο</span> <span class='ocrx_word' id='word_1_373' title='bbox 1360 2454 1464 2505; x_wconf 84' lang='lat' dir='ltr'>lauriae</span> <span class='ocrx_word' id='word_1_374' title='bbox 1484 2460 1609 2526; x_wconf 64' lang='lat' dir='ltr'>nudat,</span> 
     </span>
    </p>

    <p class='ocr_par' dir='ltr' id='par_1_16' title="bbox 126 2520 1473 2586">
     <span class='ocr_line' id='line_1_32' title="bbox 126 2520 1473 2586; baseline 0.004 -16"><span class='ocrx_word' id='word_1_375' title='bbox 126 2520 184 2570; x_wconf 91' lang='lat' dir='ltr'>Nec</span> <span class='ocrx_word' id='word_1_376' title='bbox 201 2523 367 2586; x_wconf 86' lang='lat' dir='ltr'>quaerendus</span> <span class='ocrx_word' id='word_1_377' title='bbox 386 2526 449 2572; x_wconf 85' lang='lat' dir='ltr'>erit:</span> <span class='ocrx_word' id='word_1_378' title='bbox 470 2525 537 2573; x_wconf 83' lang='lat' dir='ltr'>visus</span> <span class='ocrx_word' id='word_1_379' title='bbox 555 2525 664 2573; x_wconf 85' lang='lat' dir='ltr'>incurrit</span> <span class='ocrx_word' id='word_1_380' title='bbox 681 2524 706 2571; x_wconf 93' lang='lat' dir='ltr'>iu</span> <span class='ocrx_word' id='word_1_381' title='bbox 726 2525 795 2586; x_wconf 88' lang='lat' dir='ltr'>ipsos</span> <span class='ocrx_word' id='word_1_382' title='bbox 919 2522 954 2571; x_wconf 85' lang='lat' dir='ltr'>Et</span> <span class='ocrx_word' id='word_1_383' title='bbox 970 2520 1070 2584; x_wconf 72' lang='lat' dir='ltr'>fulgore</span> <span class='ocrx_word' id='word_1_384' title='bbox 1083 2523 1151 2574; x_wconf 89' lang='lat' dir='ltr'>nitet</span> <span class='ocrx_word' id='word_1_385' title='bbox 1162 2524 1257 2573; x_wconf 89' lang='lat' dir='ltr'>collato</span> <span class='ocrx_word' id='word_1_386' title='bbox 1270 2522 1362 2573; x_wconf 82' lang='lat' dir='ltr'>clarior</span> <span class='ocrx_word' id='word_1_387' title='bbox 1373 2521 1473 2575; x_wconf 79' lang='lat' dir='ltr'>nubiti</span> 
     </span>
    </p>

    <p class='ocr_par' dir='ltr' id='par_1_17' title="bbox 124 2589 1702 3349">
     <span class='ocr_line' id='line_1_33' title="bbox 126 2589 1606 2665; baseline 0.004 -27"><span class='ocrx_word' id='word_1_388' title='bbox 126 2589 226 2652; x_wconf 79' lang='lat' dir='ltr'>Sponte</span> <span class='ocrx_word' id='word_1_389' title='bbox 244 2605 300 2652; x_wconf 90' lang='lat' dir='ltr'>sua,</span> <span class='ocrx_word' id='word_1_390' title='bbox 318 2604 398 2655; x_wconf 87' lang='lat' dir='ltr'>seque</span> <span class='ocrx_word' id='word_1_391' title='bbox 416 2592 473 2653; x_wconf 87' lang='lat' dir='ltr'>lpse</span> <span class='ocrx_word' id='word_1_392' title='bbox 490 2592 568 2640; x_wconf 89' lang='lat' dir='ltr'>docet</span> <span class='ocrx_word' id='word_1_393' title='bbox 585 2593 705 2656; x_wconf 71' lang='lat' dir='ltr'>cogitque</span> <span class='ocrx_word' id='word_1_394' title='bbox 725 2594 819 2642; x_wconf 88' lang='lat' dir='ltr'>notari.</span> <span class='ocrx_word' id='word_1_395' title='bbox 919 2591 961 2639; x_wconf 90' lang='lat' dir='ltr'>An</span> <span class='ocrx_word' id='word_1_396' title='bbox 981 2589 1063 2640; x_wconf 84' lang='lat' dir='ltr'>iorter</span> <span class='ocrx_word' id='word_1_397' title='bbox 1083 2592 1186 2640; x_wconf 87' lang='lat' dir='ltr'>animae</span> <span class='ocrx_word' id='word_1_398' title='bbox 1202 2592 1361 2655; x_wconf 71' lang='lat' dir='ltr'>diguataqae</span> <span class='ocrx_word' id='word_1_399' title='bbox 1374 2593 1489 2644; x_wconf 83' lang='lat' dir='ltr'>nomina</span> <span class='ocrx_word' id='word_1_400' title='bbox 1510 2598 1606 2665; x_wconf 71' lang='lat' dir='ltr'>mla,</span> 
     </span>
     <span class='ocr_line' id='line_1_34' title="bbox 127 2658 1702 2731; baseline 0.004 -24"><span class='ocrx_word' id='word_1_401' title='bbox 127 2658 247 2722; x_wconf 83' lang='lat' dir='ltr'>Namque</span> <span class='ocrx_word' id='word_1_402' title='bbox 265 2658 291 2707; x_wconf 88' lang='lat' dir='ltr'>in</span> <span class='ocrx_word' id='word_1_403' title='bbox 312 2660 434 2707; x_wconf 91' lang='lat' dir='ltr'>caeruleo</span> <span class='ocrx_word' id='word_1_404' title='bbox 450 2658 566 2708; x_wconf 86' lang='lat' dir='ltr'>caudens</span> <span class='ocrx_word' id='word_1_405' title='bbox 585 2659 652 2708; x_wconf 89' lang='lat' dir='ltr'>nitet</span> <span class='ocrx_word' id='word_1_406' title='bbox 666 2660 750 2709; x_wconf 89' lang='lat' dir='ltr'>orbita</span> <span class='ocrx_word' id='word_1_407' title='bbox 768 2662 874 2724; x_wconf 89' lang='lat' dir='ltr'>mundo,</span> <span class='ocrx_word' id='word_1_408' title='bbox 918 2658 1075 2722; x_wconf 88' lang='lat' dir='ltr'>Corporibus</span> <span class='ocrx_word' id='word_1_409' title='bbox 1088 2661 1202 2709; x_wconf 92' lang='lat' dir='ltr'>resolata</span> <span class='ocrx_word' id='word_1_410' title='bbox 1213 2660 1275 2722; x_wconf 86' lang='lat' dir='ltr'>suis,</span> <span class='ocrx_word' id='word_1_411' title='bbox 1287 2666 1428 2724; x_wconf 84' lang='lat' dir='ltr'>terraeque</span> <span class='ocrx_word' id='word_1_412' title='bbox 1441 2665 1578 2731; x_wconf 72' lang='lat' dir='ltr'>remhn,</span> <span class='ocrx_word' id='word_1_413' title='bbox 1657 2674 1702 2719; x_wconf 83' lang='lat' dir='ltr'>m</span> 
     </span>
     <span class='ocr_line' id='line_1_35' title="bbox 126 2725 1700 2793; baseline 0.01 -18"><span class='ocrx_word' id='word_1_414' title='bbox 126 2725 182 2775; x_wconf 90' lang='lat' dir='ltr'>Cen</span> <span class='ocrx_word' id='word_1_415' title='bbox 201 2728 311 2776; x_wconf 85' lang='lat' dir='ltr'>missura</span> <span class='ocrx_word' id='word_1_416' title='bbox 333 2727 401 2776; x_wconf 88' lang='lat' dir='ltr'>diem</span> <span class='ocrx_word' id='word_1_417' title='bbox 415 2728 509 2787; x_wconf 86' lang='lat' dir='ltr'>subito,</span> <span class='ocrx_word' id='word_1_418' title='bbox 526 2729 831 2792; x_wconf 83' lang='lat' dir='ltr'>coelumquercciudens.</span> <span class='ocrx_word' id='word_1_419' title='bbox 841 2735 892 2783; x_wconf 84' lang='grc'>700</span> <span class='ocrx_word' id='word_1_420' title='bbox 917 2727 978 2777; x_wconf 80' lang='lat' dir='ltr'>Huc</span> <span class='ocrx_word' id='word_1_421' title='bbox 991 2729 1103 2790; x_wconf 70' lang='lat' dir='ltr'>migrant</span> <span class='ocrx_word' id='word_1_422' title='bbox 1119 2742 1155 2778; x_wconf 84' lang='lat' dir='ltr'>ea</span> <span class='ocrx_word' id='word_1_423' title='bbox 1176 2730 1255 2791; x_wconf 82' lang='lat' dir='ltr'>orbe;</span> <span class='ocrx_word' id='word_1_424' title='bbox 1277 2743 1403 2793; x_wconf 84' lang='lat' dir='ltr'>suumque</span> <span class='ocrx_word' id='word_1_425' title='bbox 1421 2729 1587 2787; x_wconf 74' lang='lat' dir='ltr'>habitantia</span> <span class='ocrx_word' id='word_1_426' title='bbox 1604 2741 1700 2789; x_wconf 74' lang='lat' dir='ltr'>caela·</span> 
     </span>
     <span class='ocr_line' id='line_1_36' title="bbox 127 2792 1617 2862; baseline 0.009 -20"><span class='ocrx_word' id='word_1_427' title='bbox 127 2792 169 2843; x_wconf 94' lang='lat' dir='ltr'>Ac</span> <span class='ocrx_word' id='word_1_428' title='bbox 185 2795 268 2843; x_wconf 80' lang='lat' dir='ltr'>veluti</span> <span class='ocrx_word' id='word_1_429' title='bbox 284 2794 379 2843; x_wconf 78' lang='lat' dir='ltr'>virides</span> <span class='ocrx_word' id='word_1_430' title='bbox 392 2794 515 2846; x_wconf 90' lang='lat' dir='ltr'>discernit</span> <span class='ocrx_word' id='word_1_431' title='bbox 533 2798 625 2846; x_wconf 77' lang='lat' dir='ltr'>remita</span> <span class='ocrx_word' id='word_1_432' title='bbox 639 2812 753 2860; x_wconf 86' lang='lat' dir='ltr'>campos,</span> <span class='ocrx_word' id='word_1_433' title='bbox 917 2795 1057 2846; x_wconf 85' lang='lat' dir='ltr'>Aetherios</span> <span class='ocrx_word' id='word_1_434' title='bbox 1072 2798 1163 2847; x_wconf 86' lang='lat' dir='ltr'>rirunt</span> <span class='ocrx_word' id='word_1_435' title='bbox 1178 2811 1271 2859; x_wconf 82' lang='lat' dir='ltr'>annor,</span> <span class='ocrx_word' id='word_1_436' title='bbox 1286 2796 1435 2862; x_wconf 87' lang='lat' dir='ltr'>mundoque</span> <span class='ocrx_word' id='word_1_437' title='bbox 1455 2798 1617 2857; x_wconf 67' lang='grc' dir='ltr'>ἧτιιίιιί</span> 
     </span>
     <span class='ocr_line' id='line_1_37' title="bbox 126 2862 1641 2941; baseline 0.007 -29"><span class='ocrx_word' id='word_1_438' title='bbox 126 2862 212 2912; x_wconf 76' lang='lat' dir='ltr'>Quam</span> <span class='ocrx_word' id='word_1_439' title='bbox 232 2863 293 2912; x_wconf 87' lang='lat' dir='ltr'>terit</span> <span class='ocrx_word' id='word_1_440' title='bbox 310 2863 412 2913; x_wconf 84' lang='lat' dir='ltr'>aasiduo</span> <span class='ocrx_word' id='word_1_441' title='bbox 430 2879 559 2914; x_wconf 81' lang='lat' dir='ltr'>renovans</span> <span class='ocrx_word' id='word_1_442' title='bbox 577 2867 627 2915; x_wconf 90' lang='lat' dir='ltr'>iter</span> <span class='ocrx_word' id='word_1_443' title='bbox 644 2867 728 2915; x_wconf 88' lang='lat' dir='ltr'>orbita</span> <span class='ocrx_word' id='word_1_444' title='bbox 745 2871 847 2930; x_wconf 71' lang='lat' dir='ltr'>tracta,</span> <span class='ocrx_word' id='word_1_445' title='bbox 917 2863 1004 2928; x_wconf 89' lang='lat' dir='ltr'>Atque</span> <span class='ocrx_word' id='word_1_446' title='bbox 1019 2866 1060 2916; x_wconf 86' lang='lat' dir='ltr'>hic</span> <span class='ocrx_word' id='word_1_447' title='bbox 1078 2866 1217 2927; x_wconf 79' lang='lat' dir='ltr'>Aeacidas,</span> <span class='ocrx_word' id='word_1_448' title='bbox 1228 2866 1271 2914; x_wconf 86' lang='lat' dir='ltr'>hic</span> <span class='ocrx_word' id='word_1_449' title='bbox 1284 2872 1313 2916; x_wconf 89' lang='lat' dir='ltr'>et</span> <span class='ocrx_word' id='word_1_450' title='bbox 1325 2880 1491 2919; x_wconf 79' lang='lat' dir='ltr'>veneramur</span> <span class='ocrx_word' id='word_1_451' title='bbox 1505 2870 1641 2941; x_wconf 77' lang='lat' dir='ltr'>Atridas,</span> 
     </span>
     <span class='ocr_line' id='line_1_38' title="bbox 125 2928 1685 3009; baseline 0.008 -32"><span class='ocrx_word' id='word_1_452' title='bbox 125 2928 201 2979; x_wconf 87' lang='lat' dir='ltr'>iuter</span> <span class='ocrx_word' id='word_1_453' title='bbox 219 2930 314 2980; x_wconf 83' lang='lat' dir='ltr'>divisae</span> <span class='ocrx_word' id='word_1_454' title='bbox 332 2934 474 2996; x_wconf 88' lang='lat' dir='ltr'>aequabilis</span> <span class='ocrx_word' id='word_1_455' title='bbox 493 2940 533 2982; x_wconf 79' lang='lat' dir='ltr'>est</span> <span class='ocrx_word' id='word_1_456' title='bbox 550 2935 591 2983; x_wconf 84' lang='lat' dir='ltr'>vla</span> <span class='ocrx_word' id='word_1_457' title='bbox 611 2941 709 2996; x_wconf 81' lang='lat' dir='ltr'>parter.</span> <span class='ocrx_word' id='word_1_458' title='bbox 915 2932 1088 2999; x_wconf 79' lang='lat' dir='ltr'>Tydidenque</span> <span class='ocrx_word' id='word_1_459' title='bbox 1109 2932 1206 2994; x_wconf 69' lang='lat' dir='ltr'>ierom,</span> <span class='ocrx_word' id='word_1_460' title='bbox 1225 2941 1364 2999; x_wconf 86' lang='lat' dir='ltr'>terraeque</span> <span class='ocrx_word' id='word_1_461' title='bbox 1384 2936 1526 3002; x_wconf 89' lang='lat' dir='ltr'>marisqne</span> <span class='ocrx_word' id='word_1_462' title='bbox 1543 2943 1685 3009; x_wconf 60' lang='lat' dir='ltr'>trianpffl</span> 
     </span>
     <span class='ocr_line' id='line_1_39' title="bbox 126 2996 1698 3070; baseline 0.01 -24"><span class='ocrx_word' id='word_1_463' title='bbox 126 2997 164 3047; x_wconf 88' lang='lat' dir='ltr'>Ut</span> <span class='ocrx_word' id='word_1_464' title='bbox 182 2996 251 3048; x_wconf 76' lang='lat' dir='ltr'>freta</span> <span class='ocrx_word' id='word_1_465' title='bbox 270 3007 414 3052; x_wconf 87' lang='lat' dir='ltr'>canescunt</span> <span class='ocrx_word' id='word_1_466' title='bbox 430 3004 528 3051; x_wconf 89' lang='lat' dir='ltr'>sulcum</span> <span class='ocrx_word' id='word_1_467' title='bbox 547 3002 661 3052; x_wconf 88' lang='lat' dir='ltr'>ducente</span> <span class='ocrx_word' id='word_1_468' title='bbox 679 3004 778 3065; x_wconf 89' lang='lat' dir='ltr'>carina,</span> <span class='ocrx_word' id='word_1_469' title='bbox 917 3001 1035 3051; x_wconf 79' lang='lat' dir='ltr'>Naturae</span> <span class='ocrx_word' id='word_1_470' title='bbox 1047 3004 1170 3053; x_wconf 84' lang='lat' dir='ltr'>rictorem</span> <span class='ocrx_word' id='word_1_471' title='bbox 1184 3004 1492 3070; x_wconf 65' lang='lat' dir='ltr'>ithacumaPyliamqaa</span> <span class='ocrx_word' id='word_1_472' title='bbox 1513 3017 1698 3066; x_wconf 74' lang='lat' dir='ltr'>senectam</span> 
     </span>
     <span class='ocr_line' id='line_1_40' title="bbox 125 3064 1670 3147; baseline 0.009 -32"><span class='ocrx_word' id='word_1_473' title='bbox 125 3064 317 3134; x_wconf 89' lang='lat' dir='ltr'>Accipiuntqne</span> <span class='ocrx_word' id='word_1_474' title='bbox 335 3070 401 3118; x_wconf 86' lang='lat' dir='ltr'>viam</span> <span class='ocrx_word' id='word_1_475' title='bbox 419 3070 513 3121; x_wconf 90' lang='lat' dir='ltr'>iiuctur</span> <span class='ocrx_word' id='word_1_476' title='bbox 531 3071 709 3134; x_wconf 84' lang='lat' dir='ltr'>spumantibus</span> <span class='ocrx_word' id='word_1_477' title='bbox 728 3071 813 3136; x_wconf 90' lang='lat' dir='ltr'>undis,</span> <span class='ocrx_word' id='word_1_478' title='bbox 839 3076 890 3123; x_wconf 81' lang='grc'>700</span> <span class='ocrx_word' id='word_1_479' title='bbox 916 3069 1047 3133; x_wconf 73' lang='lat' dir='ltr'>Insignem</span> <span class='ocrx_word' id='word_1_480' title='bbox 1063 3073 1170 3136; x_wconf 77' lang='lat' dir='ltr'>triplicl3</span> <span class='ocrx_word' id='word_1_481' title='bbox 1187 3072 1358 3137; x_wconf 81' lang='lat' dir='ltr'>Danaumque</span> <span class='ocrx_word' id='word_1_482' title='bbox 1373 3072 1407 3122; x_wconf 90' lang='lat' dir='ltr'>ad</span> <span class='ocrx_word' id='word_1_483' title='bbox 1422 3073 1569 3139; x_wconf 70' lang='lat' dir='ltr'>Pergama</span> <span class='ocrx_word' id='word_1_484' title='bbox 1581 3096 1670 3147; x_wconf 66' lang='lat' dir='ltr'>reges,</span> 
     </span>
     <span class='ocr_line' id='line_1_41' title="bbox 125 3133 1697 3205; baseline 0.011 -22"><span class='ocrx_word' id='word_1_485' title='bbox 125 3133 211 3184; x_wconf 82' lang='lat' dir='ltr'>Quam</span> <span class='ocrx_word' id='word_1_486' title='bbox 224 3142 307 3186; x_wconf 87' lang='lat' dir='ltr'>tortus</span> <span class='ocrx_word' id='word_1_487' title='bbox 323 3152 399 3187; x_wconf 84' lang='lat' dir='ltr'>verro</span> <span class='ocrx_word' id='word_1_488' title='bbox 420 3140 500 3189; x_wconf 85' lang='lat' dir='ltr'>movit</span> <span class='ocrx_word' id='word_1_489' title='bbox 515 3141 549 3190; x_wconf 92' lang='lat' dir='ltr'>de</span> <span class='ocrx_word' id='word_1_490' title='bbox 563 3141 665 3203; x_wconf 69' lang='lat' dir='ltr'>gurgite</span> <span class='ocrx_word' id='word_1_491' title='bbox 679 3148 785 3192; x_wconf 81' lang='lat' dir='ltr'>sortes:</span> <span class='ocrx_word' id='word_1_492' title='bbox 915 3140 1109 3190; x_wconf 79' lang='lat' dir='ltr'>Castradncum</span> <span class='ocrx_word' id='word_1_493' title='bbox 1120 3146 1147 3190; x_wconf 90' lang='lat' dir='ltr'>et</span> <span class='ocrx_word' id='word_1_494' title='bbox 1154 3141 1229 3202; x_wconf 86' lang='lat' dir='ltr'>coeii,</span> <span class='ocrx_word' id='word_1_495' title='bbox 1238 3141 1383 3205; x_wconf 80' lang='lat' dir='ltr'>victamqne</span> <span class='ocrx_word' id='word_1_496' title='bbox 1391 3140 1697 3203; x_wconf 68' lang='lat' dir='ltr'>subnecterem</span> 
     </span>
     <span class='ocr_line' id='line_1_42' title="bbox 125 3203 1668 3277; baseline 0.007 -25"><span class='ocrx_word' id='word_1_497' title='bbox 125 3203 259 3253; x_wconf 90' lang='lat' dir='ltr'>Candidus</span> <span class='ocrx_word' id='word_1_498' title='bbox 275 3206 301 3255; x_wconf 90' lang='lat' dir='ltr'>iu</span> <span class='ocrx_word' id='word_1_499' title='bbox 311 3207 384 3268; x_wconf 73' lang='lat' dir='ltr'>nigro</span> <span class='ocrx_word' id='word_1_500' title='bbox 398 3208 468 3257; x_wconf 89' lang='lat' dir='ltr'>lucet</span> <span class='ocrx_word' id='word_1_501' title='bbox 481 3209 517 3258; x_wconf 86' lang='lat' dir='ltr'>sic</span> <span class='ocrx_word' id='word_1_502' title='bbox 534 3211 606 3259; x_wconf 76' lang='lat' dir='ltr'>iirnee</span> <span class='ocrx_word' id='word_1_503' title='bbox 620 3210 743 3274; x_wconf 83' lang='lat' dir='ltr'>Olympo,</span> <span class='ocrx_word' id='word_1_504' title='bbox 916 3208 1086 3273; x_wconf 88' lang='lat' dir='ltr'>Auroraeqoe</span> <span class='ocrx_word' id='word_1_505' title='bbox 1103 3210 1202 3273; x_wconf 70' lang='lat' dir='ltr'>nigrum</span> <span class='ocrx_word' id='word_1_506' title='bbox 1219 3215 1332 3272; x_wconf 89' lang='lat' dir='ltr'>partum,</span> <span class='ocrx_word' id='word_1_507' title='bbox 1345 3210 1515 3277; x_wconf 90' lang='lat' dir='ltr'>stirpemque</span> <span class='ocrx_word' id='word_1_508' title='bbox 1532 3216 1668 3273; x_wconf 63' lang='lat' dir='ltr'>Tana-tia</span> 
     </span>
     <span class='ocr_line' id='line_1_43' title="bbox 124 3272 1555 3349; baseline 0.009 -29"><span class='ocrx_word' id='word_1_509' title='bbox 124 3272 280 3323; x_wconf 88' lang='lat' dir='ltr'>Caeruleum</span> <span class='ocrx_word' id='word_1_510' title='bbox 299 3274 402 3325; x_wconf 89' lang='lat' dir='ltr'>iindcns</span> <span class='ocrx_word' id='word_1_511' title='bbox 418 3277 518 3340; x_wconf 78' lang='lat' dir='ltr'>lugenti</span> <span class='ocrx_word' id='word_1_512' title='bbox 534 3280 629 3327; x_wconf 91' lang='lat' dir='ltr'>iumine</span> <span class='ocrx_word' id='word_1_513' title='bbox 646 3280 778 3329; x_wconf 90' lang='lat' dir='ltr'>muudum.</span> <span class='ocrx_word' id='word_1_514' title='bbox 916 3278 1053 3327; x_wconf 83' lang='lat' dir='ltr'>Rectorem</span> <span class='ocrx_word' id='word_1_515' title='bbox 1068 3278 1180 3342; x_wconf 80' lang='lat' dir='ltr'>Lyciae3</span> <span class='ocrx_word' id='word_1_516' title='bbox 1199 3292 1249 3327; x_wconf 91' lang='lat' dir='ltr'>nec</span> <span class='ocrx_word' id='word_1_517' title='bbox 1266 3286 1304 3337; x_wconf 91' lang='lat' dir='ltr'>te,</span> <span class='ocrx_word' id='word_1_518' title='bbox 1316 3278 1447 3329; x_wconf 72' lang='lat' dir='ltr'>Mavortia</span> <span class='ocrx_word' id='word_1_519' title='bbox 1463 3282 1555 3349; x_wconf 64' lang='lat' dir='ltr'>virgo,</span> 
     </span>
    </p>

    <p class='ocr_par' dir='ltr' id='par_1_18' title="bbox 122 3340 1694 3961">
     <span class='ocr_line' id='line_1_44' title="bbox 124 3340 1694 3412; baseline 0.01 -23"><span class='ocrx_word' id='word_1_520' title='bbox 124 3340 211 3406; x_wconf 88' lang='lat' dir='ltr'>thue</span> <span class='ocrx_word' id='word_1_521' title='bbox 233 3357 292 3392; x_wconf 89' lang='lat' dir='ltr'>suos</span> <span class='ocrx_word' id='word_1_522' title='bbox 305 3359 380 3393; x_wconf 88' lang='lat' dir='ltr'>arcus</span> <span class='ocrx_word' id='word_1_523' title='bbox 393 3361 440 3410; x_wconf 87' lang='lat' dir='ltr'>per</span> <span class='ocrx_word' id='word_1_524' title='bbox 453 3348 541 3396; x_wconf 91' lang='lat' dir='ltr'>nohiia</span> <span class='ocrx_word' id='word_1_525' title='bbox 559 3348 667 3396; x_wconf 85' lang='lat' dir='ltr'>circinat</span> <span class='ocrx_word' id='word_1_526' title='bbox 688 3347 748 3411; x_wconf 87' lang='lat' dir='ltr'>iris,</span> <span class='ocrx_word' id='word_1_527' title='bbox 914 3346 1101 3407; x_wconf 70' lang='lat' dir='ltr'>Praetereun,</span> <span class='ocrx_word' id='word_1_528' title='bbox 1118 3361 1245 3412; x_wconf 70' lang='lat' dir='ltr'>regesque</span> <span class='ocrx_word' id='word_1_529' title='bbox 1262 3348 1335 3407; x_wconf 87' lang='lat' dir='ltr'>aiios,</span> <span class='ocrx_word' id='word_1_530' title='bbox 1355 3363 1418 3412; x_wconf 86' lang='lat' dir='ltr'>quos</span> <span class='ocrx_word' id='word_1_531' title='bbox 1429 3349 1552 3403; x_wconf 78' lang='lat' dir='ltr'>Graecia</span> <span class='ocrx_word' id='word_1_532' title='bbox 1566 3357 1642 3407; x_wconf 90' lang='lat' dir='ltr'>misit</span> <span class='ocrx_word' id='word_1_533' title='bbox 1651 3360 1694 3407; x_wconf 81' lang='grc'>701</span> 
     </span>
     <span class='ocr_line' id='line_1_45' title="bbox 124 3409 1623 3479; baseline 0.011 -22"><span class='ocrx_word' id='word_1_534' title='bbox 124 3409 167 3459; x_wconf 78' lang='lat' dir='ltr'>Sic</span> <span class='ocrx_word' id='word_1_535' title='bbox 181 3424 259 3472; x_wconf 89' lang='lat' dir='ltr'>super</span> <span class='ocrx_word' id='word_1_536' title='bbox 272 3411 396 3463; x_wconf 87' lang='lat' dir='ltr'>incumbit</span> <span class='ocrx_word' id='word_1_537' title='bbox 406 3417 507 3477; x_wconf 73' lang='lat' dir='ltr'>signato</span> <span class='ocrx_word' id='word_1_538' title='bbox 524 3418 637 3465; x_wconf 91' lang='lat' dir='ltr'>culmine</span> <span class='ocrx_word' id='word_1_539' title='bbox 653 3417 726 3466; x_wconf 89' lang='lat' dir='ltr'>lirnes</span> <span class='ocrx_word' id='word_1_540' title='bbox 837 3420 889 3467; x_wconf 89' lang='grc'>710</span> <span class='ocrx_word' id='word_1_541' title='bbox 914 3415 1004 3478; x_wconf 90' lang='lat' dir='ltr'>Atque</span> <span class='ocrx_word' id='word_1_542' title='bbox 1019 3415 1098 3464; x_wconf 90' lang='lat' dir='ltr'>Asiae</span> <span class='ocrx_word' id='word_1_543' title='bbox 1114 3421 1207 3479; x_wconf 70' lang='lat' dir='ltr'>gentes</span> <span class='ocrx_word' id='word_1_544' title='bbox 1232 3423 1259 3464; x_wconf 91' lang='lat' dir='ltr'>et</span> <span class='ocrx_word' id='word_1_545' title='bbox 1276 3416 1373 3477; x_wconf 69' lang='lat' dir='ltr'>hiassno</span> <span class='ocrx_word' id='word_1_546' title='bbox 1389 3418 1508 3469; x_wconf 79' lang='lat' dir='ltr'>maxima</span> <span class='ocrx_word' id='word_1_547' title='bbox 1527 3422 1623 3477; x_wconf 84' lang='lat' dir='ltr'>Pella.</span> 
     </span>
     <span class='ocr_line' id='line_1_46' title="bbox 123 3477 1650 3548; baseline 0.007 -23"><span class='ocrx_word' id='word_1_548' title='bbox 123 3477 266 3541; x_wconf 86' lang='lat' dir='ltr'>Candidus,</span> <span class='ocrx_word' id='word_1_549' title='bbox 278 3486 305 3529; x_wconf 91' lang='lat' dir='ltr'>et</span> <span class='ocrx_word' id='word_1_550' title='bbox 324 3484 445 3545; x_wconf 81' lang='lat' dir='ltr'>resupina</span> <span class='ocrx_word' id='word_1_551' title='bbox 462 3482 525 3533; x_wconf 84' lang='lat' dir='ltr'>iacit</span> <span class='ocrx_word' id='word_1_552' title='bbox 542 3486 693 3534; x_wconf 88' lang='lat' dir='ltr'>mortalibus</span> <span class='ocrx_word' id='word_1_553' title='bbox 710 3499 766 3545; x_wconf 91' lang='lat' dir='ltr'>ora,</span> <span class='ocrx_word' id='word_1_554' title='bbox 914 3483 1018 3546; x_wconf 81' lang='lat' dir='ltr'>Quique</span> <span class='ocrx_word' id='word_1_555' title='bbox 1029 3485 1109 3532; x_wconf 90' lang='lat' dir='ltr'>animi</span> <span class='ocrx_word' id='word_1_556' title='bbox 1123 3486 1200 3547; x_wconf 81' lang='lat' dir='ltr'>vireo,</span> <span class='ocrx_word' id='word_1_557' title='bbox 1220 3489 1249 3533; x_wconf 92' lang='lat' dir='ltr'>et</span> <span class='ocrx_word' id='word_1_558' title='bbox 1266 3486 1370 3533; x_wconf 73' lang='lat' dir='ltr'>strictas</span> <span class='ocrx_word' id='word_1_559' title='bbox 1391 3486 1517 3548; x_wconf 91' lang='lat' dir='ltr'>pondere</span> <span class='ocrx_word' id='word_1_560' title='bbox 1536 3500 1650 3543; x_wconf 69' lang='lat' dir='ltr'>ruente.</span> 
     </span>
     <span class='ocr_line' id='line_1_47' title="bbox 123 3544 1631 3624; baseline 0.009 -31"><span class='ocrx_word' id='word_1_561' title='bbox 123 3544 191 3594; x_wconf 83' lang='lat' dir='ltr'>llum</span> <span class='ocrx_word' id='word_1_562' title='bbox 205 3563 271 3597; x_wconf 90' lang='lat' dir='ltr'>nova</span> <span class='ocrx_word' id='word_1_563' title='bbox 292 3563 340 3611; x_wconf 90' lang='lat' dir='ltr'>per</span> <span class='ocrx_word' id='word_1_564' title='bbox 353 3566 458 3601; x_wconf 88' lang='lat' dir='ltr'>caecam</span> <span class='ocrx_word' id='word_1_565' title='bbox 474 3554 608 3601; x_wconf 86' lang='lat' dir='ltr'>vibrantur</span> <span class='ocrx_word' id='word_1_566' title='bbox 625 3554 721 3602; x_wconf 88' lang='lat' dir='ltr'>lumina</span> <span class='ocrx_word' id='word_1_567' title='bbox 732 3558 845 3617; x_wconf 88' lang='lat' dir='ltr'>noctem,</span> <span class='ocrx_word' id='word_1_568' title='bbox 913 3551 1062 3601; x_wconf 83' lang='lat' dir='ltr'>Prudenter</span> <span class='ocrx_word' id='word_1_569' title='bbox 1074 3553 1189 3602; x_wconf 87' lang='lat' dir='ltr'>habuere</span> <span class='ocrx_word' id='word_1_570' title='bbox 1207 3552 1270 3612; x_wconf 80' lang='lat' dir='ltr'>riri;</span> <span class='ocrx_word' id='word_1_571' title='bbox 1291 3554 1383 3617; x_wconf 89' lang='lat' dir='ltr'>quihus</span> <span class='ocrx_word' id='word_1_572' title='bbox 1401 3555 1488 3604; x_wconf 89' lang='lat' dir='ltr'>omnis</span> <span class='ocrx_word' id='word_1_573' title='bbox 1510 3558 1540 3607; x_wconf 85' lang='lat' dir='ltr'>iu</span> <span class='ocrx_word' id='word_1_574' title='bbox 1558 3560 1631 3624; x_wconf 74' lang='lat' dir='ltr'>ipaia</span> 
     </span>
     <span class='ocr_line' id='line_1_48' title="bbox 123 3614 1664 3696; baseline 0.011 -34"><span class='ocrx_word' id='word_1_575' title='bbox 123 3614 312 3679; x_wconf 87' lang='lat' dir='ltr'>inquiruntque</span> <span class='ocrx_word' id='word_1_576' title='bbox 330 3633 416 3669; x_wconf 87' lang='lat' dir='ltr'>sacras</span> <span class='ocrx_word' id='word_1_577' title='bbox 436 3622 546 3670; x_wconf 87' lang='lat' dir='ltr'>humano</span> <span class='ocrx_word' id='word_1_578' title='bbox 562 3630 669 3684; x_wconf 87' lang='lat' dir='ltr'>pectore</span> <span class='ocrx_word' id='word_1_579' title='bbox 688 3636 799 3683; x_wconf 69' lang='lat' dir='ltr'>causasq</span> <span class='ocrx_word' id='word_1_580' title='bbox 914 3620 1014 3669; x_wconf 74' lang='lat' dir='ltr'>Census</span> <span class='ocrx_word' id='word_1_581' title='bbox 1027 3628 1102 3671; x_wconf 81' lang='lat' dir='ltr'>erat:</span> <span class='ocrx_word' id='word_1_582' title='bbox 1114 3622 1247 3685; x_wconf 85' lang='lat' dir='ltr'>iustuaque</span> <span class='ocrx_word' id='word_1_583' title='bbox 1261 3623 1349 3683; x_wconf 84' lang='lat' dir='ltr'>Solon,</span> <span class='ocrx_word' id='word_1_584' title='bbox 1362 3620 1492 3686; x_wconf 76' lang='lat' dir='ltr'>fortisque</span> <span class='ocrx_word' id='word_1_585' title='bbox 1509 3626 1664 3696; x_wconf 69' lang='lat' dir='ltr'>Lycurgus,</span> 
     </span>
     <span class='ocr_line' id='line_1_49' title="bbox 122 3682 1694 3765; baseline 0.011 -34"><span class='ocrx_word' id='word_1_586' title='bbox 122 3682 191 3731; x_wconf 84' lang='lat' dir='ltr'>Nurn</span> <span class='ocrx_word' id='word_1_587' title='bbox 214 3698 242 3732; x_wconf 88' lang='lat' dir='ltr'>se</span> <span class='ocrx_word' id='word_1_588' title='bbox 258 3685 368 3735; x_wconf 88' lang='lat' dir='ltr'>diductis</span> <span class='ocrx_word' id='word_1_589' title='bbox 383 3696 491 3737; x_wconf 89' lang='lat' dir='ltr'>conetur</span> <span class='ocrx_word' id='word_1_590' title='bbox 504 3693 605 3738; x_wconf 83' lang='lat' dir='ltr'>solvere</span> <span class='ocrx_word' id='word_1_591' title='bbox 616 3691 697 3738; x_wconf 90' lang='lat' dir='ltr'>moles</span> <span class='ocrx_word' id='word_1_592' title='bbox 912 3687 1106 3754; x_wconf 87' lang='lat' dir='ltr'>Aetheriusquc</span> <span class='ocrx_word' id='word_1_593' title='bbox 1119 3691 1224 3752; x_wconf 88' lang='lat' dir='ltr'>Platon,</span> <span class='ocrx_word' id='word_1_594' title='bbox 1243 3696 1271 3740; x_wconf 90' lang='lat' dir='ltr'>et</span> <span class='ocrx_word' id='word_1_595' title='bbox 1284 3691 1327 3755; x_wconf 90' lang='lat' dir='ltr'>qui</span> <span class='ocrx_word' id='word_1_596' title='bbox 1342 3690 1524 3745; x_wconf 76' lang='lat' dir='ltr'>fabricaverat</span> <span class='ocrx_word' id='word_1_597' title='bbox 1538 3696 1630 3765; x_wconf 88' lang='lat' dir='ltr'>illusa,</span> <span class='ocrx_word' id='word_1_598' title='bbox 1647 3704 1694 3751; x_wconf 83' lang='lat' dir='ltr'>m</span> 
     </span>
     <span class='ocr_line' id='line_1_50' title="bbox 122 3750 1628 3825; baseline 0.011 -26"><span class='ocrx_word' id='word_1_599' title='bbox 122 3750 417 3817; x_wconf 73' lang='lat' dir='ltr'>Segminibur,raraque</span> <span class='ocrx_word' id='word_1_600' title='bbox 433 3757 786 3820; x_wconf 75' lang='lat' dir='ltr'>labentconrpagiueriurae,</span> <span class='ocrx_word' id='word_1_601' title='bbox 836 3762 887 3809; x_wconf 76' lang='grc'>717</span> <span class='ocrx_word' id='word_1_602' title='bbox 913 3757 1110 3825; x_wconf 86' lang='lat' dir='ltr'>Damnatusque</span> <span class='ocrx_word' id='word_1_603' title='bbox 1128 3774 1187 3808; x_wconf 86' lang='lat' dir='ltr'>suar</span> <span class='ocrx_word' id='word_1_604' title='bbox 1214 3761 1306 3809; x_wconf 90' lang='lat' dir='ltr'>meiius</span> <span class='ocrx_word' id='word_1_605' title='bbox 1321 3759 1455 3808; x_wconf 84' lang='lat' dir='ltr'>damnavit</span> <span class='ocrx_word' id='word_1_606' title='bbox 1473 3762 1628 3820; x_wconf 81' lang='lat' dir='ltr'>Athenas:</span> 
     </span>
     <span class='ocr_line' id='line_1_51' title="bbox 122 3818 1636 3900; baseline 0.008 -33"><span class='ocrx_word' id='word_1_607' title='bbox 122 3818 323 3884; x_wconf 85' lang='lat' dir='ltr'>Admittuntque</span> <span class='ocrx_word' id='word_1_608' title='bbox 344 3837 438 3872; x_wconf 84' lang='lat' dir='ltr'>novum</span> <span class='ocrx_word' id='word_1_609' title='bbox 453 3826 540 3874; x_wconf 85' lang='lat' dir='ltr'>laxato</span> <span class='ocrx_word' id='word_1_610' title='bbox 558 3826 672 3889; x_wconf 73' lang='lat' dir='ltr'>tegmine</span> <span class='ocrx_word' id='word_1_611' title='bbox 692 3828 788 3876; x_wconf 88' lang='lat' dir='ltr'>iumen.</span> <span class='ocrx_word' id='word_1_612' title='bbox 912 3824 1036 3876; x_wconf 89' lang='lat' dir='ltr'>Persidos</span> <span class='ocrx_word' id='word_1_613' title='bbox 1050 3834 1077 3876; x_wconf 91' lang='lat' dir='ltr'>et</span> <span class='ocrx_word' id='word_1_614' title='bbox 1097 3828 1186 3891; x_wconf 85' lang='lat' dir='ltr'>victor,</span> <span class='ocrx_word' id='word_1_615' title='bbox 1204 3834 1301 3878; x_wconf 87' lang='lat' dir='ltr'>strarat</span> <span class='ocrx_word' id='word_1_616' title='bbox 1312 3829 1354 3893; x_wconf 92' lang='lat' dir='ltr'>qui</span> <span class='ocrx_word' id='word_1_617' title='bbox 1364 3828 1493 3879; x_wconf 79' lang='lat' dir='ltr'>classibus</span> <span class='ocrx_word' id='word_1_618' title='bbox 1508 3848 1636 3900; x_wconf 67' lang='lat' dir='ltr'>aeqam</span> 
     </span>
     <span class='ocr_line' id='line_1_52' title="bbox 122 3888 1663 3961; baseline 0.008 -22"><span class='ocrx_word' id='word_1_619' title='bbox 122 3888 193 3939; x_wconf 81' lang='lat' dir='ltr'>Quid</span> <span class='ocrx_word' id='word_1_620' title='bbox 204 3895 214 3937; x_wconf 88' lang='grc'>7</span> <span class='ocrx_word' id='word_1_621' title='bbox 230 3890 303 3952; x_wconf 86' lang='lat' dir='ltr'>quari</span> <span class='ocrx_word' id='word_1_622' title='bbox 318 3905 368 3939; x_wconf 87' lang='lat' dir='ltr'>non</span> <span class='ocrx_word' id='word_1_623' title='bbox 381 3892 500 3955; x_wconf 91' lang='lat' dir='ltr'>tirneaut,</span> <span class='ocrx_word' id='word_1_624' title='bbox 512 3896 598 3957; x_wconf 73' lang='lat' dir='ltr'>magui</span> <span class='ocrx_word' id='word_1_625' title='bbox 613 3910 690 3958; x_wconf 89' lang='lat' dir='ltr'>quuur</span> <span class='ocrx_word' id='word_1_626' title='bbox 703 3896 811 3945; x_wconf 87' lang='lat' dir='ltr'>vulnera</span> <span class='ocrx_word' id='word_1_627' title='bbox 822 3896 887 3946; x_wconf 88' lang='lat' dir='ltr'>coeii</span> <span class='ocrx_word' id='word_1_628' title='bbox 913 3894 1073 3959; x_wconf 85' lang='lat' dir='ltr'>Romanique</span> <span class='ocrx_word' id='word_1_629' title='bbox 1096 3896 1152 3955; x_wconf 84' lang='lat' dir='ltr'>viri,</span> <span class='ocrx_word' id='word_1_630' title='bbox 1167 3911 1275 3961; x_wconf 83' lang='lat' dir='ltr'>quorum</span> <span class='ocrx_word' id='word_1_631' title='bbox 1289 3898 1339 3947; x_wconf 86' lang='lat' dir='ltr'>iarn</span> <span class='ocrx_word' id='word_1_632' title='bbox 1358 3897 1472 3946; x_wconf 83' lang='lat' dir='ltr'>maxima</span> <span class='ocrx_word' id='word_1_633' title='bbox 1499 3904 1585 3955; x_wconf 88' lang='lat' dir='ltr'>turha</span> <span class='ocrx_word' id='word_1_634' title='bbox 1604 3914 1663 3960; x_wconf 61' lang='lat' dir='ltr'>aasz</span> 
     </span>
    </p>
   </div>
   <div class='ocr_carea' id='block_1_3' title="bbox 119 3956 1695 4311">
    <p class='ocr_par' dir='ltr' id='par_1_19' title="bbox 122 3956 1608 4039">
     <span class='ocr_line' id='line_1_53' title="bbox 122 3956 1608 4039; baseline 0.006 -34"><span class='ocrx_word' id='word_1_635' title='bbox 122 3956 300 4020; x_wconf 86' lang='lat' dir='ltr'>Conspiciant,</span> <span class='ocrx_word' id='word_1_636' title='bbox 319 3958 447 4025; x_wconf 80' lang='lat' dir='ltr'>feriatque</span> <span class='ocrx_word' id='word_1_637' title='bbox 461 3963 547 4012; x_wconf 92' lang='lat' dir='ltr'>ocnios</span> <span class='ocrx_word' id='word_1_638' title='bbox 562 3964 654 4012; x_wconf 86' lang='lat' dir='ltr'>iniuria</span> <span class='ocrx_word' id='word_1_639' title='bbox 667 3962 764 4014; x_wconf 88' lang='lat' dir='ltr'>mnndi.</span> <span class='ocrx_word' id='word_1_640' title='bbox 910 3962 1100 4029; x_wconf 86' lang='lat' dir='ltr'>Tarquinloque</span> <span class='ocrx_word' id='word_1_641' title='bbox 1117 3965 1202 4014; x_wconf 87' lang='lat' dir='ltr'>miuus</span> <span class='ocrx_word' id='word_1_642' title='bbox 1216 3980 1307 4027; x_wconf 54' lang='lat' dir='ltr'>regen</span> <span class='ocrx_word' id='word_1_643' title='bbox 1327 3971 1355 4013; x_wconf 92' lang='lat' dir='ltr'>et</span> <span class='ocrx_word' id='word_1_644' title='bbox 1366 3964 1478 4015; x_wconf 79' lang='lat' dir='ltr'>Horatia</span> <span class='ocrx_word' id='word_1_645' title='bbox 1497 3974 1608 4039; x_wconf 59' lang='lat' dir='ltr'>proleg,</span> 
     </span>
    </p>

    <p class='ocr_par' dir='ltr' id='par_1_20' title="bbox 121 4024 1695 4169">
     <span class='ocr_line' id='line_1_54' title="bbox 121 4024 1695 4097; baseline 0.008 -22"><span class='ocrx_word' id='word_1_646' title='bbox 121 4024 165 4075; x_wconf 91' lang='lat' dir='ltr'>An</span> <span class='ocrx_word' id='word_1_647' title='bbox 185 4033 260 4074; x_wconf 86' lang='lat' dir='ltr'>coeat</span> <span class='ocrx_word' id='word_1_648' title='bbox 274 4028 394 4091; x_wconf 87' lang='lat' dir='ltr'>mundus,</span> <span class='ocrx_word' id='word_1_649' title='bbox 417 4030 578 4095; x_wconf 80' lang='lat' dir='ltr'>duplicisque</span> <span class='ocrx_word' id='word_1_650' title='bbox 595 4040 712 4081; x_wconf 84' lang='lat' dir='ltr'>extrema</span> <span class='ocrx_word' id='word_1_651' title='bbox 733 4046 862 4083; x_wconf 81' lang='lat' dir='ltr'>cavernae</span> <span class='ocrx_word' id='word_1_652' title='bbox 910 4032 977 4081; x_wconf 91' lang='lat' dir='ltr'>Tota</span> <span class='ocrx_word' id='word_1_653' title='bbox 997 4035 1067 4082; x_wconf 86' lang='lat' dir='ltr'>acies</span> <span class='ocrx_word' id='word_1_654' title='bbox 1081 4040 1189 4096; x_wconf 88' lang='lat' dir='ltr'>partus:</span> <span class='ocrx_word' id='word_1_655' title='bbox 1209 4049 1309 4083; x_wconf 91' lang='lat' dir='ltr'>necnon</span> <span class='ocrx_word' id='word_1_656' title='bbox 1331 4039 1359 4083; x_wconf 91' lang='lat' dir='ltr'>et</span> <span class='ocrx_word' id='word_1_657' title='bbox 1374 4034 1505 4085; x_wconf 78' lang='lat' dir='ltr'>Scaevola</span> <span class='ocrx_word' id='word_1_658' title='bbox 1528 4046 1633 4096; x_wconf 65' lang='grc' dir='ltr'>ίηῃω</span> <span class='ocrx_word' id='word_1_659' title='bbox 1646 4050 1695 4097; x_wconf 82' lang='lat' dir='ltr'>m</span> 
     </span>
     <span class='ocr_line' id='line_1_55' title="bbox 122 4092 1536 4169; baseline 0.009 -27"><span class='ocrx_word' id='word_1_660' title='bbox 122 4092 293 4156; x_wconf 79' lang='lat' dir='ltr'>Conveniunt,</span> <span class='ocrx_word' id='word_1_661' title='bbox 308 4098 425 4162; x_wconf 90' lang='lat' dir='ltr'>coelique</span> <span class='ocrx_word' id='word_1_662' title='bbox 443 4115 502 4149; x_wconf 81' lang='lat' dir='ltr'>oras</span> <span class='ocrx_word' id='word_1_663' title='bbox 516 4106 543 4149; x_wconf 87' lang='lat' dir='ltr'>et</span> <span class='ocrx_word' id='word_1_664' title='bbox 557 4100 643 4150; x_wconf 86' lang='lat' dir='ltr'>sidera</span> <span class='ocrx_word' id='word_1_665' title='bbox 658 4102 781 4164; x_wconf 68' lang='lat' dir='ltr'>iungant;</span> <span class='ocrx_word' id='word_1_666' title='bbox 835 4106 886 4152; x_wconf 81' lang='lat' dir='ltr'>tao</span> <span class='ocrx_word' id='word_1_667' title='bbox 914 4100 1039 4164; x_wconf 80' lang='lat' dir='ltr'>Nobilior,</span> <span class='ocrx_word' id='word_1_668' title='bbox 1056 4103 1189 4166; x_wconf 87' lang='lat' dir='ltr'>maiorque</span> <span class='ocrx_word' id='word_1_669' title='bbox 1205 4103 1265 4151; x_wconf 83' lang='lat' dir='ltr'>viris</span> <span class='ocrx_word' id='word_1_670' title='bbox 1284 4107 1311 4151; x_wconf 92' lang='lat' dir='ltr'>et</span> <span class='ocrx_word' id='word_1_671' title='bbox 1323 4103 1421 4152; x_wconf 91' lang='lat' dir='ltr'>Cloelia</span> <span class='ocrx_word' id='word_1_672' title='bbox 1437 4104 1536 4169; x_wconf 68' lang='lat' dir='ltr'>uirgoq</span> 
     </span>
    </p>

    <p class='ocr_par' dir='ltr' id='par_1_21' title="bbox 119 4162 1596 4311">
     <span class='ocr_line' id='line_1_56' title="bbox 119 4162 1596 4235; baseline 0.013 -25"><span class='ocrx_word' id='word_1_673' title='bbox 119 4162 225 4226; x_wconf 88' lang='lat' dir='ltr'>Perque</span> <span class='ocrx_word' id='word_1_674' title='bbox 243 4164 311 4226; x_wconf 87' lang='lat' dir='ltr'>ipsos</span> <span class='ocrx_word' id='word_1_675' title='bbox 325 4165 372 4215; x_wconf 84' lang='lat' dir='ltr'>tint</span> <span class='ocrx_word' id='word_1_676' title='bbox 388 4183 470 4218; x_wconf 82' lang='lat' dir='ltr'>rreaus</span> <span class='ocrx_word' id='word_1_677' title='bbox 486 4170 624 4220; x_wconf 79' lang='lat' dir='ltr'>manifesta</span> <span class='ocrx_word' id='word_1_678' title='bbox 634 4170 752 4232; x_wconf 85' lang='lat' dir='ltr'>cicatrix,</span> <span class='ocrx_word' id='word_1_679' title='bbox 913 4170 948 4217; x_wconf 85' lang='lat' dir='ltr'>Et</span> <span class='ocrx_word' id='word_1_680' title='bbox 961 4170 1077 4219; x_wconf 83' lang='lat' dir='ltr'>Romana</span> <span class='ocrx_word' id='word_1_681' title='bbox 1089 4170 1176 4220; x_wconf 82' lang='lat' dir='ltr'>serena</span> <span class='ocrx_word' id='word_1_682' title='bbox 1194 4185 1260 4235; x_wconf 86' lang='lat' dir='ltr'>quae</span> <span class='ocrx_word' id='word_1_683' title='bbox 1275 4173 1342 4220; x_wconf 84' lang='lat' dir='ltr'>texit</span> <span class='ocrx_word' id='word_1_684' title='bbox 1355 4172 1457 4221; x_wconf 90' lang='lat' dir='ltr'>moenia</span> <span class='ocrx_word' id='word_1_685' title='bbox 1470 4172 1596 4233; x_wconf 80' lang='lat' dir='ltr'>Cocles:</span> 
     </span>
     <span class='ocr_line' id='line_1_57' title="bbox 119 4229 1518 4311; baseline 0.01 -32"><span class='ocrx_word' id='word_1_686' title='bbox 119 4229 251 4280; x_wconf 81' lang='lat' dir='ltr'>Firsuram</span> <span class='ocrx_word' id='word_1_687' title='bbox 267 4232 365 4283; x_wconf 75' lang='lat' dir='ltr'>taciem</span> <span class='ocrx_word' id='word_1_688' title='bbox 381 4237 479 4300; x_wconf 89' lang='lat' dir='ltr'>muudi,</span> <span class='ocrx_word' id='word_1_689' title='bbox 497 4241 607 4301; x_wconf 85' lang='lat' dir='ltr'>stipator</span> <span class='ocrx_word' id='word_1_690' title='bbox 627 4246 655 4289; x_wconf 90' lang='lat' dir='ltr'>et</span> <span class='ocrx_word' id='word_1_691' title='bbox 668 4240 747 4301; x_wconf 90' lang='lat' dir='ltr'>orbis,</span> <span class='ocrx_word' id='word_1_692' title='bbox 912 4238 947 4287; x_wconf 83' lang='lat' dir='ltr'>Et</span> <span class='ocrx_word' id='word_1_693' title='bbox 961 4240 1109 4288; x_wconf 90' lang='lat' dir='ltr'>commilitio</span> <span class='ocrx_word' id='word_1_694' title='bbox 1129 4240 1237 4289; x_wconf 76' lang='lat' dir='ltr'>volucria</span> <span class='ocrx_word' id='word_1_695' title='bbox 1254 4240 1380 4311; x_wconf 78' lang='lat' dir='ltr'>Corvinus</span> <span class='ocrx_word' id='word_1_696' title='bbox 1398 4240 1518 4305; x_wconf 88' lang='lat' dir='ltr'>adeptus</span> 
     </span>
    </p>
   </div>
   <div class='ocr_carea' id='block_1_4' title="bbox 115 4352 1699 5137">
    <p class='ocr_par' dir='ltr' id='par_1_22' title="bbox 118 4352 1697 4557">
     <span class='ocr_line' id='line_1_58' title="bbox 174 4352 1694 4427; baseline 0.013 -32"><span class='ocrx_word' id='word_1_697' title='bbox 174 4352 215 4395; x_wconf 77' lang='lat' dir='ltr'>ses</span> <span class='ocrx_word' id='word_1_698' title='bbox 231 4352 312 4419; x_wconf 62' lang='lat' dir='ltr'>Alter,</span> <span class='ocrx_word' id='word_1_699' title='bbox 320 4355 421 4399; x_wconf 85' lang='lat' dir='ltr'>circulor</span> <span class='ocrx_word' id='word_1_700' title='bbox 436 4356 539 4409; x_wconf 65' lang='lat' dir='ltr'>laetenn</span> <span class='ocrx_word' id='word_1_701' title='bbox 554 4360 645 4413; x_wconf 69' lang='grc' dir='ltr'>ροιίιιι</span> <span class='ocrx_word' id='word_1_702' title='bbox 660 4359 687 4402; x_wconf 82' lang='grc'>11.</span> <span class='ocrx_word' id='word_1_703' title='bbox 701 4372 716 4402; x_wconf 91' lang='lat' dir='ltr'>e</span> <span class='ocrx_word' id='word_1_704' title='bbox 729 4359 778 4403; x_wconf 85' lang='lat' dir='ltr'>eod.</span> <span class='ocrx_word' id='word_1_705' title='bbox 805 4360 846 4403; x_wconf 82' lang='grc'>000</span> <span class='ocrx_word' id='word_1_706' title='bbox 859 4359 993 4407; x_wconf 79' lang='lat' dir='ltr'>Centaurus</span> <span class='ocrx_word' id='word_1_707' title='bbox 1007 4364 1079 4418; x_wconf 91' lang='lat' dir='ltr'>alter,</span> <span class='ocrx_word' id='word_1_708' title='bbox 1089 4365 1222 4416; x_wconf 83' lang='lat' dir='ltr'>Australir;</span> <span class='ocrx_word' id='word_1_709' title='bbox 1236 4366 1332 4411; x_wconf 81' lang='lat' dir='ltr'>Chiron.</span> <span class='ocrx_word' id='word_1_710' title='bbox 1364 4368 1405 4411; x_wconf 77' lang='grc'>001</span> <span class='ocrx_word' id='word_1_711' title='bbox 1418 4372 1495 4422; x_wconf 88' lang='lat' dir='ltr'>teque</span> <span class='ocrx_word' id='word_1_712' title='bbox 1511 4376 1595 4422; x_wconf 59' lang='lat' dir='ltr'>aaa«,</span> <span class='ocrx_word' id='word_1_713' title='bbox 1609 4378 1654 4425; x_wconf 68' lang='lat' dir='ltr'>fl.</span> <span class='ocrx_word' id='word_1_714' title='bbox 1669 4376 1694 4427; x_wconf 79' lang='grc' dir='ltr'>Ι,</span> 
     </span>
     <span class='ocr_line' id='line_1_59' title="bbox 119 4405 1697 4479; baseline 0.016 -31"><span class='ocrx_word' id='word_1_715' title='bbox 119 4405 161 4448; x_wconf 78' lang='grc'>000</span> <span class='ocrx_word' id='word_1_716' title='bbox 175 4406 199 4449; x_wconf 93' lang='lat' dir='ltr'>ia</span> <span class='ocrx_word' id='word_1_717' title='bbox 214 4410 273 4460; x_wconf 65' lang='grc' dir='ltr'>φοι.</span> <span class='ocrx_word' id='word_1_718' title='bbox 287 4408 326 4450; x_wconf 75' lang='lat' dir='ltr'>Sne</span> <span class='ocrx_word' id='word_1_719' title='bbox 340 4409 367 4452; x_wconf 86' lang='lat' dir='ltr'>ii.</span> <span class='ocrx_word' id='word_1_720' title='bbox 415 4412 455 4452; x_wconf 78' lang='grc'>000</span> <span class='ocrx_word' id='word_1_721' title='bbox 469 4412 530 4453; x_wconf 85' lang='lat' dir='ltr'>Trea</span> <span class='ocrx_word' id='word_1_722' title='bbox 545 4424 623 4477; x_wconf 68' lang='lat' dir='ltr'>gyrqr,</span> <span class='ocrx_word' id='word_1_723' title='bbox 638 4411 694 4455; x_wconf 86' lang='lat' dir='ltr'>duos</span> <span class='ocrx_word' id='word_1_724' title='bbox 708 4414 821 4469; x_wconf 87' lang='lat' dir='ltr'>Tropieos</span> <span class='ocrx_word' id='word_1_725' title='bbox 835 4420 860 4459; x_wconf 90' lang='lat' dir='ltr'>et</span> <span class='ocrx_word' id='word_1_726' title='bbox 874 4418 1001 4472; x_wconf 89' lang='lat' dir='ltr'>Aeqnntnr.</span> <span class='ocrx_word' id='word_1_727' title='bbox 1016 4420 1052 4463; x_wconf 81' lang='lat' dir='ltr'>St.</span> <span class='ocrx_word' id='word_1_728' title='bbox 1106 4422 1147 4464; x_wconf 78' lang='grc'>707</span> <span class='ocrx_word' id='word_1_729' title='bbox 1162 4422 1188 4464; x_wconf 88' lang='lat' dir='ltr'>ll.</span> <span class='ocrx_word' id='word_1_730' title='bbox 1202 4434 1265 4477; x_wconf 85' lang='lat' dir='ltr'>rpus.</span> <span class='ocrx_word' id='word_1_731' title='bbox 1279 4422 1314 4465; x_wconf 77' lang='lat' dir='ltr'>St.</span> <span class='ocrx_word' id='word_1_732' title='bbox 1329 4421 1419 4476; x_wconf 62' lang='lat' dir='ltr'>legend.</span> <span class='ocrx_word' id='word_1_733' title='bbox 1436 4435 1457 4465; x_wconf 90' lang='lat' dir='ltr'>c.</span> <span class='ocrx_word' id='word_1_734' title='bbox 1486 4424 1524 4469; x_wconf 87' lang='lat' dir='ltr'>1ra</span> <span class='ocrx_word' id='word_1_735' title='bbox 1540 4436 1586 4474; x_wconf 82' lang='lat' dir='ltr'>ser</span> <span class='ocrx_word' id='word_1_736' title='bbox 1609 4434 1697 4479; x_wconf 63' lang='grc' dir='ltr'><strong>Μ</strong></span> 
     </span>
     <span class='ocr_line' id='line_1_60' title="bbox 118 4459 1697 4557; baseline 0.016 -58"><span class='ocrx_word' id='word_1_737' title='bbox 118 4460 256 4557; x_wconf 50' lang='lat' dir='ltr'>annilina</span> <span class='ocrx_word' id='word_1_738' title='bbox 270 4459 438 4512; x_wconf 84' lang='lat' dir='ltr'>(hncvoeahnl.</span> <span class='ocrx_word' id='word_1_739' title='bbox 452 4463 509 4515; x_wconf 68' lang='lat' dir='ltr'>cod.)</span> <span class='ocrx_word' id='word_1_740' title='bbox 523 4473 560 4508; x_wconf 87' lang='lat' dir='ltr'>est</span> <span class='ocrx_word' id='word_1_741' title='bbox 576 4480 615 4509; x_wconf 82' lang='lat' dir='ltr'>vra</span> <span class='ocrx_word' id='word_1_742' title='bbox 630 4474 715 4521; x_wconf 85' lang='lat' dir='ltr'>partes.</span> <span class='ocrx_word' id='word_1_743' title='bbox 762 4470 803 4511; x_wconf 87' lang='grc'>100</span> <span class='ocrx_word' id='word_1_744' title='bbox 822 4468 874 4521; x_wconf 73' lang='lat' dir='ltr'>Qu</span> <span class='ocrx_word' id='word_1_745' title='bbox 888 4474 1092 4517; x_wconf 81' lang='lat' dir='ltr'>turtur-movit</span> <span class='ocrx_word' id='word_1_746' title='bbox 1109 4488 1134 4517; x_wconf 86' lang='lat' dir='ltr'>se</span> <span class='ocrx_word' id='word_1_747' title='bbox 1181 4488 1214 4529; x_wconf 70' lang='grc' dir='ltr'>ις.</span> <span class='ocrx_word' id='word_1_748' title='bbox 1231 4476 1258 4519; x_wconf 86' lang='lat' dir='ltr'>il.</span> <span class='ocrx_word' id='word_1_749' title='bbox 1278 4478 1332 4520; x_wconf 81' lang='lat' dir='ltr'>Mna</span> <span class='ocrx_word' id='word_1_750' title='bbox 1347 4483 1432 4518; x_wconf 72' lang='lat' dir='ltr'>uertex</span> <span class='ocrx_word' id='word_1_751' title='bbox 1456 4479 1498 4521; x_wconf 81' lang='lat' dir='ltr'>rui</span> <span class='ocrx_word' id='word_1_752' title='bbox 1520 4512 1526 4524; x_wconf 92' lang='lat'>.</span> <span class='ocrx_word' id='word_1_753' title='bbox 1550 4486 1607 4530; x_wconf 74' lang='lat' dir='ltr'>Aia,</span> <span class='ocrx_word' id='word_1_754' title='bbox 1631 4488 1697 4533; x_wconf 65' lang='grc' dir='ltr'>ει.</span> 
     </span>
    </p>

    <p class='ocr_par' dir='ltr' id='par_1_23' title="bbox 115 4488 1699 5137">
     <span class='ocr_line' id='line_1_61' title="bbox 160 4488 1697 4625; baseline 0.018 -68"><span class='ocrx_word' id='word_1_755' title='bbox 160 4512 182 4559; x_wconf 88' lang='lat' dir='ltr'>d.</span> <span class='ocrx_word' id='word_1_756' title='bbox 222 4516 264 4557; x_wconf 90' lang='grc'>107</span> <span class='ocrx_word' id='word_1_757' title='bbox 277 4521 372 4583; x_wconf 78' lang='lat' dir='ltr'>trsrner¹</span> <span class='ocrx_word' id='word_1_758' title='bbox 384 4517 506 4571; x_wconf 72' lang='lat' dir='ltr'>eleganter</span> <span class='ocrx_word' id='word_1_759' title='bbox 521 4520 549 4563; x_wconf 86' lang='lat' dir='ltr'>ll.</span> <span class='ocrx_word' id='word_1_760' title='bbox 589 4523 630 4563; x_wconf 77' lang='lat' dir='ltr'>itii</span> <span class='ocrx_word' id='word_1_761' title='bbox 643 4524 745 4576; x_wconf 62' lang='lat' dir='ltr'>plagens</span> <span class='ocrx_word' id='word_1_762' title='bbox 758 4524 785 4567; x_wconf 87' lang='lat' dir='ltr'>ll.</span> <span class='ocrx_word' id='word_1_763' title='bbox 800 4535 871 4577; x_wconf 89' lang='lat' dir='ltr'>quusa</span> <span class='ocrx_word' id='word_1_764' title='bbox 885 4526 909 4568; x_wconf 88' lang='lat' dir='ltr'>ia</span> <span class='ocrx_word' id='word_1_765' title='bbox 923 4526 987 4570; x_wconf 87' lang='lat' dir='ltr'>codd.</span> <span class='ocrx_word' id='word_1_766' title='bbox 1002 4488 1178 4625; x_wconf 49' lang='lat' dir='ltr'>inreaisaetg:</span> <span class='ocrx_word' id='word_1_767' title='bbox 1197 4543 1246 4573; x_wconf 86' lang='lat' dir='ltr'>ersa.</span> <span class='ocrx_word' id='word_1_768' title='bbox 1304 4532 1344 4573; x_wconf 83' lang='lat' dir='ltr'>tls</span> <span class='ocrx_word' id='word_1_769' title='bbox 1359 4531 1489 4576; x_wconf 78' lang='lat' dir='ltr'>mirantur.</span> <span class='ocrx_word' id='word_1_770' title='bbox 1528 4538 1553 4581; x_wconf 88' lang='lat' dir='ltr'>ie</span> <span class='ocrx_word' id='word_1_771' title='bbox 1569 4540 1599 4584; x_wconf 77' lang='lat' dir='ltr'>B.</span> <span class='ocrx_word' id='word_1_772' title='bbox 1655 4544 1697 4589; x_wconf 76' lang='grc'>710</span> 
     </span>
     <span class='ocr_line' id='line_1_62' title="bbox 117 4544 1699 4649; baseline 0.018 -39"><span class='ocrx_word' id='word_1_773' title='bbox 117 4567 306 4623; x_wconf 65' lang='lat' dir='ltr'>lebetoorrrpnge</span> <span class='ocrx_word' id='word_1_774' title='bbox 320 4583 424 4621; x_wconf 78' lang='lat' dir='ltr'>corruere,</span> <span class='ocrx_word' id='word_1_775' title='bbox 480 4574 521 4616; x_wconf 88' lang='grc'>710</span> <span class='ocrx_word' id='word_1_776' title='bbox 536 4574 713 4630; x_wconf 84' lang='lat' dir='ltr'>Admittntque,</span> <span class='ocrx_word' id='word_1_777' title='bbox 727 4579 765 4621; x_wconf 87' lang='lat' dir='ltr'>cni</span> <span class='ocrx_word' id='word_1_778' title='bbox 780 4577 833 4622; x_wconf 90' lang='lat' dir='ltr'>lect.</span> <span class='ocrx_word' id='word_1_779' title='bbox 848 4582 1010 4633; x_wconf 85' lang='lat' dir='ltr'>patrocinetur</span> <span class='ocrx_word' id='word_1_780' title='bbox 1025 4584 1059 4625; x_wconf 82' lang='lat' dir='ltr'>St.</span> <span class='ocrx_word' id='word_1_781' title='bbox 1073 4583 1143 4626; x_wconf 77' lang='lat' dir='ltr'>nir..</span> <span class='ocrx_word' id='word_1_782' title='bbox 1166 4544 1196 4627; x_wconf 61' lang='lat' dir='ltr'>si.</span> <span class='ocrx_word' id='word_1_783' title='bbox 1210 4598 1224 4627; x_wconf 90' lang='lat' dir='ltr'>e</span> <span class='ocrx_word' id='word_1_784' title='bbox 1239 4585 1288 4628; x_wconf 89' lang='lat' dir='ltr'>cod.</span> <span class='ocrx_word' id='word_1_785' title='bbox 1302 4592 1349 4639; x_wconf 85' lang='lat' dir='ltr'>opt.</span> <span class='ocrx_word' id='word_1_786' title='bbox 1363 4585 1401 4626; x_wconf 88' lang='lat' dir='ltr'>Sic</span> <span class='ocrx_word' id='word_1_787' title='bbox 1416 4584 1442 4626; x_wconf 85' lang='lat' dir='ltr'>li.</span> <span class='ocrx_word' id='word_1_788' title='bbox 1500 4590 1551 4636; x_wconf 85' lang='grc'>717</span> <span class='ocrx_word' id='word_1_789' title='bbox 1567 4596 1636 4649; x_wconf 74' lang='lat' dir='ltr'>Quid</span> <span class='ocrx_word' id='word_1_790' title='bbox 1649 4599 1699 4643; x_wconf 60' lang='lat' dir='ltr'>aaut</span> 
     </span>
     <span class='ocr_line' id='line_1_63' title="bbox 118 4624 1698 4697; baseline 0.012 -32"><span class='ocrx_word' id='word_1_791' title='bbox 118 4634 163 4666; x_wconf 87' lang='lat' dir='ltr'>ssa</span> <span class='ocrx_word' id='word_1_792' title='bbox 180 4624 279 4667; x_wconf 81' lang='lat' dir='ltr'>timeant</span> <span class='ocrx_word' id='word_1_793' title='bbox 295 4626 320 4668; x_wconf 85' lang='lat' dir='ltr'>li.</span> <span class='ocrx_word' id='word_1_794' title='bbox 335 4640 348 4666; x_wconf 83' lang='lat' dir='ltr'>e</span> <span class='ocrx_word' id='word_1_795' title='bbox 364 4626 516 4670; x_wconf 84' lang='lat' dir='ltr'>r.Gronoril.</span> <span class='ocrx_word' id='word_1_796' title='bbox 557 4630 597 4671; x_wconf 79' lang='lat' dir='ltr'>tls</span> <span class='ocrx_word' id='word_1_797' title='bbox 612 4636 676 4673; x_wconf 84' lang='lat' dir='ltr'>cocat</span> <span class='ocrx_word' id='word_1_798' title='bbox 689 4632 812 4684; x_wconf 85' lang='lat' dir='ltr'>potiurli.</span> <span class='ocrx_word' id='word_1_799' title='bbox 844 4636 886 4678; x_wconf 79' lang='grc'>770</span> <span class='ocrx_word' id='word_1_800' title='bbox 912 4636 1110 4691; x_wconf 66' lang='lat' dir='ltr'>oedmiungant</span> <span class='ocrx_word' id='word_1_801' title='bbox 1125 4639 1184 4682; x_wconf 74' lang='lat' dir='ltr'>Seni.</span> <span class='ocrx_word' id='word_1_802' title='bbox 1199 4643 1306 4691; x_wconf 66' lang='lat' dir='ltr'>regmine</span> <span class='ocrx_word' id='word_1_803' title='bbox 1322 4641 1347 4683; x_wconf 92' lang='lat' dir='ltr'>ll.</span> <span class='ocrx_word' id='word_1_804' title='bbox 1379 4639 1420 4681; x_wconf 77' lang='grc'>771</span> <span class='ocrx_word' id='word_1_805' title='bbox 1438 4639 1568 4689; x_wconf 64' lang='lat' dir='ltr'>Funera-r</span> <span class='ocrx_word' id='word_1_806' title='bbox 1586 4651 1698 4697; x_wconf 46' lang='grc' dir='ltr'><strong>Μ’...</strong></span> 
     </span>
     <span class='ocr_line' id='line_1_64' title="bbox 118 4678 1698 4753; baseline 0.02 -33"><span class='ocrx_word' id='word_1_807' title='bbox 118 4678 197 4720; x_wconf 75' lang='lat' dir='ltr'>nundi</span> <span class='ocrx_word' id='word_1_808' title='bbox 213 4678 425 4723; x_wconf 84' lang='lat' dir='ltr'>ll.edrroh.co‹lri.</span> <span class='ocrx_word' id='word_1_809' title='bbox 467 4684 602 4747; x_wconf 67' lang='lat' dir='ltr'>liburnico</span> <span class='ocrx_word' id='word_1_810' title='bbox 617 4698 688 4739; x_wconf 78' lang='lat' dir='ltr'>comp.</span> <span class='ocrx_word' id='word_1_811' title='bbox 704 4684 733 4728; x_wconf 87' lang='lat' dir='ltr'>id.</span> <span class='ocrx_word' id='word_1_812' title='bbox 787 4688 829 4730; x_wconf 79' lang='grc'>720</span> <span class='ocrx_word' id='word_1_813' title='bbox 843 4690 960 4732; x_wconf 84' lang='lat' dir='ltr'>curribus.</span> <span class='ocrx_word' id='word_1_814' title='bbox 974 4690 1022 4732; x_wconf 89' lang='lat' dir='ltr'>Ait.</span> <span class='ocrx_word' id='word_1_815' title='bbox 1037 4692 1099 4733; x_wconf 81' lang='lat' dir='ltr'>vind.</span> <span class='ocrx_word' id='word_1_816' title='bbox 1114 4693 1140 4735; x_wconf 80' lang='lat' dir='ltr'>li.</span> <span class='ocrx_word' id='word_1_817' title='bbox 1195 4690 1355 4737; x_wconf 74' lang='lat' dir='ltr'>ttirinatnr</span> <span class='ocrx_word' id='word_1_818' title='bbox 1370 4694 1397 4736; x_wconf 85' lang='lat' dir='ltr'>B.</span> <span class='ocrx_word' id='word_1_819' title='bbox 1420 4696 1531 4748; x_wconf 86' lang='lat' dir='ltr'>proiecto</span> <span class='ocrx_word' id='word_1_820' title='bbox 1547 4684 1698 4753; x_wconf 71' lang='lat' dir='ltr'>alaemaa&#39;</span> 
     </span>
     <span class='ocr_line' id='line_1_65' title="bbox 117 4732 1698 4808; baseline 0.022 -35"><span class='ocrx_word' id='word_1_821' title='bbox 117 4732 215 4785; x_wconf 87' lang='lat' dir='ltr'>poetico.</span> <span class='ocrx_word' id='word_1_822' title='bbox 255 4735 296 4777; x_wconf 77' lang='grc'>775</span> <span class='ocrx_word' id='word_1_823' title='bbox 311 4736 367 4776; x_wconf 76' lang='lat' dir='ltr'>bur</span> <span class='ocrx_word' id='word_1_824' title='bbox 381 4735 460 4777; x_wconf 81' lang='lat' dir='ltr'>nitido</span> <span class='ocrx_word' id='word_1_825' title='bbox 475 4737 504 4780; x_wconf 86' lang='lat' dir='ltr'>ni.</span> <span class='ocrx_word' id='word_1_826' title='bbox 540 4740 581 4780; x_wconf 81' lang='grc'>770</span> <span class='ocrx_word' id='word_1_827' title='bbox 595 4740 712 4794; x_wconf 81' lang='lat' dir='ltr'>aliumque</span> <span class='ocrx_word' id='word_1_828' title='bbox 727 4748 847 4784; x_wconf 76' lang='lat' dir='ltr'>recentem</span> <span class='ocrx_word' id='word_1_829' title='bbox 861 4743 891 4786; x_wconf 90' lang='lat' dir='ltr'>id.</span> <span class='ocrx_word' id='word_1_830' title='bbox 906 4746 958 4797; x_wconf 79' lang='lat' dir='ltr'>Qua</span> <span class='ocrx_word' id='word_1_831' title='bbox 971 4756 1054 4788; x_wconf 76' lang='lat' dir='ltr'>currui</span> <span class='ocrx_word' id='word_1_832' title='bbox 1068 4745 1130 4788; x_wconf 80' lang='lat' dir='ltr'>Solis</span> <span class='ocrx_word' id='word_1_833' title='bbox 1144 4747 1216 4797; x_wconf 86' lang='lat' dir='ltr'>ibant,</span> <span class='ocrx_word' id='word_1_834' title='bbox 1234 4756 1286 4791; x_wconf 91' lang='lat' dir='ltr'>erat</span> <span class='ocrx_word' id='word_1_835' title='bbox 1300 4750 1406 4791; x_wconf 87' lang='lat' dir='ltr'>iiurnrnea</span> <span class='ocrx_word' id='word_1_836' title='bbox 1421 4758 1445 4792; x_wconf 89' lang='lat' dir='ltr'>et</span> <span class='ocrx_word' id='word_1_837' title='bbox 1461 4751 1539 4805; x_wconf 66' lang='lat' dir='ltr'>ignea</span> <span class='ocrx_word' id='word_1_838' title='bbox 1555 4762 1614 4804; x_wconf 83' lang='lat' dir='ltr'>via·</span> <span class='ocrx_word' id='word_1_839' title='bbox 1632 4776 1698 4808; x_wconf 83' lang='lat' dir='ltr'>auaa</span> 
     </span>
     <span class='ocr_line' id='line_1_66' title="bbox 118 4785 1696 4863; baseline 0.016 -34"><span class='ocrx_word' id='word_1_840' title='bbox 118 4785 217 4829; x_wconf 72' lang='lat' dir='ltr'>livente</span> <span class='ocrx_word' id='word_1_841' title='bbox 232 4788 322 4852; x_wconf 59' lang='lat' dir='ltr'>liudem,</span> <span class='ocrx_word' id='word_1_842' title='bbox 336 4789 399 4831; x_wconf 84' lang='lat' dir='ltr'>illua</span> <span class='ocrx_word' id='word_1_843' title='bbox 416 4791 476 4833; x_wconf 79' lang='lat' dir='ltr'>vlam</span> <span class='ocrx_word' id='word_1_844' title='bbox 493 4792 578 4846; x_wconf 61' lang='lat' dir='ltr'>rigent.</span> <span class='ocrx_word' id='word_1_845' title='bbox 592 4800 661 4847; x_wconf 83' lang='lat' dir='ltr'>poeta</span> <span class='ocrx_word' id='word_1_846' title='bbox 675 4794 739 4836; x_wconf 86' lang='lat' dir='ltr'>dicit.</span> <span class='ocrx_word' id='word_1_847' title='bbox 754 4794 814 4838; x_wconf 86' lang='lat' dir='ltr'>Scal.</span> <span class='ocrx_word' id='word_1_848' title='bbox 855 4798 1084 4842; x_wconf 69' lang='lat' dir='ltr'>occurrentum</span> <span class='ocrx_word' id='word_1_849' title='bbox 1100 4801 1421 4858; x_wconf 71' lang='lat' dir='ltr'>il.epur.iinrs·isquaelriq.</span> <span class='ocrx_word' id='word_1_850' title='bbox 1446 4817 1461 4846; x_wconf 92' lang='lat' dir='ltr'>e</span> <span class='ocrx_word' id='word_1_851' title='bbox 1478 4808 1518 4851; x_wconf 89' lang='lat' dir='ltr'>uia</span> <span class='ocrx_word' id='word_1_852' title='bbox 1535 4825 1552 4856; x_wconf 86' lang='lat' dir='ltr'>a</span> <span class='ocrx_word' id='word_1_853' title='bbox 1569 4794 1642 4862; x_wconf 65' lang='grc' dir='ltr'>ηέη</span> <span class='ocrx_word' id='word_1_854' title='bbox 1655 4821 1696 4863; x_wconf 61' lang='lat' dir='ltr'>aa.</span> 
     </span>
     <span class='ocr_line' id='line_1_67' title="bbox 117 4840 1697 4918; baseline 0.016 -37"><span class='ocrx_word' id='word_1_855' title='bbox 117 4840 275 4884; x_wconf 76' lang='lat' dir='ltr'>deflectentrir.</span> <span class='ocrx_word' id='word_1_856' title='bbox 290 4844 399 4886; x_wconf 79' lang='lat' dir='ltr'>Fortunae</span> <span class='ocrx_word' id='word_1_857' title='bbox 414 4845 505 4901; x_wconf 73' lang='lat' dir='ltr'>legend.</span> <span class='ocrx_word' id='word_1_858' title='bbox 519 4861 624 4902; x_wconf 60' lang='lat' dir='ltr'>eurrtorq.</span> <span class='ocrx_word' id='word_1_859' title='bbox 638 4848 728 4902; x_wconf 80' lang='lat' dir='ltr'>quadri</span> <span class='ocrx_word' id='word_1_860' title='bbox 743 4860 776 4890; x_wconf 86' lang='lat' dir='ltr'>na.</span> <span class='ocrx_word' id='word_1_861' title='bbox 831 4853 873 4895; x_wconf 83' lang='grc'>110</span> <span class='ocrx_word' id='word_1_862' title='bbox 888 4866 921 4907; x_wconf 87' lang='lat' dir='ltr'>sq.</span> <span class='ocrx_word' id='word_1_863' title='bbox 940 4853 1004 4906; x_wconf 74' lang='lat' dir='ltr'>Quid</span> <span class='ocrx_word' id='word_1_864' title='bbox 1019 4856 1152 4908; x_wconf 89' lang='lat' dir='ltr'>querimur,</span> <span class='ocrx_word' id='word_1_865' title='bbox 1173 4858 1198 4902; x_wconf 88' lang='lat' dir='ltr'>il.</span> <span class='ocrx_word' id='word_1_866' title='bbox 1212 4860 1369 4902; x_wconf 61' lang='lat' dir='ltr'>totnne&#39;utm</span> <span class='ocrx_word' id='word_1_867' title='bbox 1384 4870 1490 4913; x_wconf 86' lang='lat' dir='ltr'>perus.</span> <span class='ocrx_word' id='word_1_868' title='bbox 1554 4872 1656 4916; x_wconf 56' lang='lat' dir='ltr'>uma</span> <span class='ocrx_word' id='word_1_869' title='bbox 1670 4874 1697 4918; x_wconf 71' lang='lat' dir='ltr'>n,</span> 
     </span>
     <span class='ocr_line' id='line_1_68' title="bbox 116 4862 1695 4971; baseline 0.015 -33"><span class='ocrx_word' id='word_1_870' title='bbox 116 4894 160 4938; x_wconf 80' lang='grc'>717</span> <span class='ocrx_word' id='word_1_871' title='bbox 171 4896 393 4960; x_wconf 67' lang='lat' dir='ltr'>fragmianenrrrra</span> <span class='ocrx_word' id='word_1_872' title='bbox 408 4900 439 4944; x_wconf 90' lang='lat' dir='ltr'>id.</span> <span class='ocrx_word' id='word_1_873' title='bbox 480 4904 693 4946; x_wconf 82' lang='lat' dir='ltr'>iiicteinonouir</span> <span class='ocrx_word' id='word_1_874' title='bbox 708 4862 742 4945; x_wconf 63' lang='lat' dir='ltr'>ni.</span> <span class='ocrx_word' id='word_1_875' title='bbox 773 4904 813 4947; x_wconf 81' lang='grc'>715</span> <span class='ocrx_word' id='word_1_876' title='bbox 827 4908 1039 4950; x_wconf 71' lang='lat' dir='ltr'>cormariacum.</span> <span class='ocrx_word' id='word_1_877' title='bbox 1053 4910 1101 4953; x_wconf 86' lang='lat' dir='ltr'>Ait.</span> <span class='ocrx_word' id='word_1_878' title='bbox 1115 4911 1178 4955; x_wconf 78' lang='lat' dir='ltr'>viad.</span> <span class='ocrx_word' id='word_1_879' title='bbox 1192 4910 1219 4955; x_wconf 77' lang='lat' dir='ltr'>u.</span> <span class='ocrx_word' id='word_1_880' title='bbox 1255 4914 1297 4957; x_wconf 80' lang='grc'>700</span> <span class='ocrx_word' id='word_1_881' title='bbox 1337 4914 1424 4965; x_wconf 54' lang='lat' dir='ltr'>dama</span> <span class='ocrx_word' id='word_1_882' title='bbox 1437 4916 1481 4959; x_wconf 76' lang='lat' dir='ltr'>vul</span> <span class='ocrx_word' id='word_1_883' title='bbox 1500 4929 1633 4969; x_wconf 64' lang='lat' dir='ltr'>‚aarum</span> <span class='ocrx_word' id='word_1_884' title='bbox 1650 4927 1695 4971; x_wconf 69' lang='lat' dir='ltr'>st.</span> 
     </span>
     <span class='ocr_line' id='line_1_69' title="bbox 116 4946 1695 5027; baseline 0.021 -37"><span class='ocrx_word' id='word_1_885' title='bbox 116 4946 182 4995; x_wconf 69' lang='lat' dir='ltr'>uta.</span> <span class='ocrx_word' id='word_1_886' title='bbox 196 4948 227 4989; x_wconf 83' lang='lat' dir='ltr'>rie</span> <span class='ocrx_word' id='word_1_887' title='bbox 241 4961 309 4992; x_wconf 84' lang='lat' dir='ltr'>arven</span> <span class='ocrx_word' id='word_1_888' title='bbox 323 4952 353 4996; x_wconf 85' lang='lat' dir='ltr'>id.</span> <span class='ocrx_word' id='word_1_889' title='bbox 371 4954 474 5007; x_wconf 84' lang='lat' dir='ltr'>Mollior,</span> <span class='ocrx_word' id='word_1_890' title='bbox 489 4959 564 5000; x_wconf 86' lang='lat' dir='ltr'>minus</span> <span class='ocrx_word' id='word_1_891' title='bbox 578 4955 680 4997; x_wconf 80' lang='lat' dir='ltr'>crudelia</span> <span class='ocrx_word' id='word_1_892' title='bbox 695 4968 762 5010; x_wconf 89' lang='lat' dir='ltr'>quarn</span> <span class='ocrx_word' id='word_1_893' title='bbox 778 4956 877 5003; x_wconf 86' lang='lat' dir='ltr'>historin</span> <span class='ocrx_word' id='word_1_894' title='bbox 890 4959 1054 5007; x_wconf 85' lang='lat' dir='ltr'>Phaethontis.</span> <span class='ocrx_word' id='word_1_895' title='bbox 1094 4966 1132 5008; x_wconf 82' lang='grc'>701</span> <span class='ocrx_word' id='word_1_896' title='bbox 1150 4969 1219 5009; x_wconf 86' lang='lat' dir='ltr'>Aaae</span> <span class='ocrx_word' id='word_1_897' title='bbox 1234 4971 1310 5025; x_wconf 69' lang='lat' dir='ltr'>mir</span> <span class='ocrx_word' id='word_1_898' title='bbox 1339 4979 1396 5010; x_wconf 88' lang='lat' dir='ltr'>casa</span> <span class='ocrx_word' id='word_1_899' title='bbox 1409 4968 1436 5010; x_wconf 84' lang='lat' dir='ltr'>ii.</span> <span class='ocrx_word' id='word_1_900' title='bbox 1472 4973 1487 5014; x_wconf 90' lang='grc'>7</span> <span class='ocrx_word' id='word_1_901' title='bbox 1531 4984 1648 5025; x_wconf 69' lang='lat' dir='ltr'>ars-ha</span> <span class='ocrx_word' id='word_1_902' title='bbox 1663 4982 1695 5027; x_wconf 76' lang='lat' dir='ltr'>id.</span> 
     </span>
     <span class='ocr_line' id='line_1_70' title="bbox 115 5000 1656 5079; baseline 0.014 -33"><span class='ocrx_word' id='word_1_903' title='bbox 115 5013 131 5046; x_wconf 89' lang='lat' dir='ltr'>e</span> <span class='ocrx_word' id='word_1_904' title='bbox 145 5000 194 5044; x_wconf 82' lang='lat' dir='ltr'>ead.</span> <span class='ocrx_word' id='word_1_905' title='bbox 209 5001 309 5067; x_wconf 69' lang='lat' dir='ltr'>Dignata</span> <span class='ocrx_word' id='word_1_906' title='bbox 323 5009 423 5061; x_wconf 78' lang='lat' dir='ltr'>passive.</span> <span class='ocrx_word' id='word_1_907' title='bbox 462 5013 503 5056; x_wconf 78' lang='grc'>705</span> <span class='ocrx_word' id='word_1_908' title='bbox 517 5018 570 5055; x_wconf 89' lang='lat' dir='ltr'>terr</span> <span class='ocrx_word' id='word_1_909' title='bbox 601 5021 631 5051; x_wconf 78' lang='lat' dir='ltr'>ue</span> <span class='ocrx_word' id='word_1_910' title='bbox 644 5010 671 5052; x_wconf 88' lang='lat' dir='ltr'>ll.</span> <span class='ocrx_word' id='word_1_911' title='bbox 687 5011 778 5054; x_wconf 88' lang='lat' dir='ltr'>&#39;l&#39;errse</span> <span class='ocrx_word' id='word_1_912' title='bbox 792 5021 829 5056; x_wconf 89' lang='lat' dir='ltr'>est</span> <span class='ocrx_word' id='word_1_913' title='bbox 842 5028 856 5057; x_wconf 89' lang='lat' dir='ltr'>a</span> <span class='ocrx_word' id='word_1_914' title='bbox 871 5021 943 5059; x_wconf 90' lang='lat' dir='ltr'>terra.</span> <span class='ocrx_word' id='word_1_915' title='bbox 990 5018 1032 5061; x_wconf 84' lang='grc'>707</span> <span class='ocrx_word' id='word_1_916' title='bbox 1046 5019 1190 5063; x_wconf 77' lang='lat' dir='ltr'>Aunraeasr</span> <span class='ocrx_word' id='word_1_917' title='bbox 1204 5026 1277 5077; x_wconf 81' lang='lat' dir='ltr'>stqrse</span> <span class='ocrx_word' id='word_1_918' title='bbox 1292 5020 1353 5067; x_wconf 82' lang='lat' dir='ltr'>ilaar</span> <span class='ocrx_word' id='word_1_919' title='bbox 1368 5028 1492 5078; x_wconf 64' lang='lat' dir='ltr'>totamque</span> <span class='ocrx_word' id='word_1_920' title='bbox 1507 5027 1539 5073; x_wconf 75' lang='grc' dir='ltr'>Β,</span> <span class='ocrx_word' id='word_1_921' title='bbox 1554 5031 1625 5079; x_wconf 60' lang='grc' dir='ltr'>ω</span> <span class='ocrx_word' id='word_1_922' title='bbox 1652 5052 1656 5057; x_wconf 92' lang='grc'>-</span> 
     </span>
     <span class='ocr_line' id='line_1_71' title="bbox 115 5024 1696 5137; baseline 0.016 -39"><span class='ocrx_word' id='word_1_923' title='bbox 115 5068 167 5101; x_wconf 91' lang='lat' dir='ltr'>sam</span> <span class='ocrx_word' id='word_1_924' title='bbox 181 5055 299 5102; x_wconf 75' lang='lat' dir='ltr'>eliciebat.</span> <span class='ocrx_word' id='word_1_925' title='bbox 340 5062 381 5106; x_wconf 75' lang='grc'>701</span> <span class='ocrx_word' id='word_1_926' title='bbox 395 5064 556 5112; x_wconf 85' lang='lat' dir='ltr'>Penthesilea.</span> <span class='ocrx_word' id='word_1_927' title='bbox 570 5024 627 5108; x_wconf 55' lang='lat' dir='ltr'>agii</span> <span class='ocrx_word' id='word_1_928' title='bbox 640 5066 742 5107; x_wconf 83' lang='lat' dir='ltr'>strictus</span> <span class='ocrx_word' id='word_1_929' title='bbox 801 5066 861 5112; x_wconf 80' lang='lat' dir='ltr'>dere</span> <span class='ocrx_word' id='word_1_930' title='bbox 875 5071 963 5112; x_wconf 75' lang='lat' dir='ltr'>ruentis</span> <span class='ocrx_word' id='word_1_931' title='bbox 979 5070 1006 5115; x_wconf 87' lang='grc'>11.</span> <span class='ocrx_word' id='word_1_932' title='bbox 1019 5071 1123 5117; x_wconf 82' lang='lat' dir='ltr'>Strictur</span> <span class='ocrx_word' id='word_1_933' title='bbox 1136 5087 1208 5131; x_wconf 88' lang='lat' dir='ltr'>saepe</span> <span class='ocrx_word' id='word_1_934' title='bbox 1221 5088 1263 5130; x_wconf 82' lang='lat' dir='ltr'>pra</span> <span class='ocrx_word' id='word_1_935' title='bbox 1323 5076 1365 5127; x_wconf 85' lang='lat' dir='ltr'>via,</span> <span class='ocrx_word' id='word_1_936' title='bbox 1377 5088 1486 5124; x_wconf 86' lang='lat' dir='ltr'>ser-erus.</span> <span class='ocrx_word' id='word_1_937' title='bbox 1537 5086 1586 5132; x_wconf 77' lang='lat' dir='ltr'>m</span> <span class='ocrx_word' id='word_1_938' title='bbox 1598 5050 1696 5137; x_wconf 53' lang='lat' dir='ltr'>mm</span> 
     </span>
    </p>
   </div>
   <div class='ocr_carea' id='block_1_5' title="bbox 115 5076 1695 5215">
    <p class='ocr_par' dir='ltr' id='par_1_24' title="bbox 115 5076 1695 5215">
     <span class='ocr_line' id='line_1_72' title="bbox 115 5076 1695 5215; baseline 0.016 -55"><span class='ocrx_word' id='word_1_939' title='bbox 115 5110 223 5210; x_wconf 45' lang='lat' dir='ltr'>gam·</span> <span class='ocrx_word' id='word_1_940' title='bbox 232 5110 418 5215; x_wconf 38' lang='lat' dir='ltr'>affluxisti</span> <span class='ocrx_word' id='word_1_941' title='bbox 449 5123 491 5168; x_wconf 82' lang='grc'>771</span> <span class='ocrx_word' id='word_1_942' title='bbox 507 5123 591 5176; x_wconf 79' lang='lat' dir='ltr'>alana,</span> <span class='ocrx_word' id='word_1_943' title='bbox 607 5123 710 5175; x_wconf 73' lang='lat' dir='ltr'>excepte.</span> <span class='ocrx_word' id='word_1_944' title='bbox 750 5076 884 5177; x_wconf 57' lang='grc' dir='ltr'><strong>070.Μο</strong></span> <span class='ocrx_word' id='word_1_945' title='bbox 896 5123 957 5170; x_wconf 72' lang='lat' dir='ltr'>scal.</span> <span class='ocrx_word' id='word_1_946' title='bbox 971 5126 1085 5183; x_wconf 83' lang='lat' dir='ltr'>prehaate</span> <span class='ocrx_word' id='word_1_947' title='bbox 1096 5128 1134 5173; x_wconf 78' lang='lat' dir='ltr'>St.</span> <span class='ocrx_word' id='word_1_948' title='bbox 1180 5132 1223 5174; x_wconf 92' lang='grc'>777</span> <span class='ocrx_word' id='word_1_949' title='bbox 1236 5091 1337 5188; x_wconf 48' lang='lat' dir='ltr'>qafs&#39;e&#39;s.</span> <span class='ocrx_word' id='word_1_950' title='bbox 1350 5131 1441 5175; x_wconf 71' lang='lat' dir='ltr'>Perea·</span> <span class='ocrx_word' id='word_1_951' title='bbox 1455 5139 1558 5185; x_wconf 75' lang='lat' dir='ltr'>nseaia</span> <span class='ocrx_word' id='word_1_952' title='bbox 1580 5142 1651 5193; x_wconf 72' lang='grc' dir='ltr'>ω,</span> <span class='ocrx_word' id='word_1_953' title='bbox 1662 5146 1695 5193; x_wconf 71' lang='lat' dir='ltr'>aa</span> 
     </span>
    </p>
   </div>
   <div class='ocr_carea' id='block_1_6' title="bbox 0 0 1798 5498">
    <p class='ocr_par' dir='ltr' id='par_1_25' title="bbox 0 0 1798 5498">
     <span class='ocr_line' id='line_1_73' title="bbox 0 0 1798 5498; baseline 0 5"><span class='ocrx_word' id='word_1_954' title='bbox 0 0 1798 5498; x_wconf 95' lang='lat' dir='ltr'> </span> 
     </span>
    </p>
   </div>
  </div>
 </body>
</html>
