3586 5498
209 190 287 263 sto
515 212 548 263 e.
573 214 720 263 ossen
743 213 936 263 ursonis
959 213 1194 264 uneorsns.
1219 212 1360 263 neser.
1383 212 1451 261 m.

212 385 270 436 Nee
284 391 314 435 te
336 384 480 436 credideris
506 386 589 449 tucn,
602 386 645 437 eui
669 384 786 435 destinor
800 401 876 453 exer,
1000 384 1112 447 Argenti
1125 384 1197 435 eoler
1210 390 1253 435 est
1266 382 1338 435 ister
1355 384 1474 435 eesrlsls
1489 382 1560 447 telis,

248 454 336 516 Aegro
355 456 519 517 superposlts
537 457 653 506 nembro
673 452 763 503 lovere
782 468 870 520 neec,
924 458 974 507 100
1034 452 1111 505 Quod
1125 459 1223 503 metum
1240 453 1345 515 gettdse
1362 452 1458 516 frigore
1469 454 1552 517 pellet
1564 466 1665 517 quse.
1724 457 1777 506 010

212 521 321 573 Assidet
337 523 382 572 ille
394 524 511 588 quidem,
526 530 652 588 qusutnm
669 523 830 585 permittitur
844 525 905 588 ipsi,
998 522 1027 571 8l
1041 536 1083 570 me
1100 535 1170 571 neoc
1185 521 1286 583 videos,
1299 522 1380 571 visens
1398 519 1469 585 priris
1484 535 1542 570 esse
1556 523 1682 587 seg-its,

246 592 301 641 Sed
316 592 443 653 meminit,
457 598 573 642 nostrum
592 592 698 654 virginis
709 606 767 640 esse
781 596 876 643 torurn.
1034 590 1101 639 Arte
1118 604 1167 638 nec
1180 598 1231 650 est,
1246 590 1328 653 dices,
1345 592 1395 639 iste
1409 591 1526 653 peteuda
1544 605 1626 651 men

212 659 270 710 lem
285 674 387 723 quoqne
402 662 490 711 nescio
506 662 568 725 quid
590 661 624 711 de
644 674 686 709 me
705 661 817 711 sensisse
836 661 955 711 sideturs
999 658 1174 722 Promissique
1187 658 1278 720 tidem,
1299 673 1332 708 ne
1349 659 1397 708 sisu
1419 660 1465 708 tibi
1483 660 1583 722 iuncte,
1598 660 1742 725 renittee,

247 729 314 780 Nem
340 729 463 778 lecrimee
477 744 557 779 unse
577 744 658 792 coepe
679 730 781 777 lsteute
794 730 904 793 endum,
1034 726 1069 775 Et
1083 726 1249 791 cupiesiilud
1264 742 1315 776 non
1327 728 1473 777 meminisse
1488 727 1576 777 deens.

211 797 248 846 Et
264 797 348 845 miuus
366 798 493 847 endecter
507 798 651 860 blanditur,
666 800 796 847 etoscole
810 812 870 848 rere
924 802 973 849 trs
998 795 1119 845 Forrlten
1136 802 1165 843 et
1187 793 1277 857 fecles,
1298 796 1380 845 iurem
1397 803 1427 846 ut
1448 795 1580 845 contrerle
1595 810 1701 861 rerses,
1719 800 1775 849 2¹⁸

248 864 362 927 Accipit,
378 873 406 915 et
424 866 514 916 timido
534 880 576 914 me
588 873 665 915 vocet
681 880 727 914 ore
743 880 826 915 susm.
1006 859 1013 873 '
1033 864 1162 927 (luneque
1176 865 1271 924 legem,
1287 865 1375 914 mittes
1389 867 1474 914 elters
1490 865 1573 913 verbs
1585 865 1660 915 nist.

211 934 269 985 lieo
285 935 362 982 miror
375 936 496 995 sensisse,
514 936 582 983 notis
603 949 661 984 cum
677 933 774 996 proder
787 934 907 998 spertls3
998 932 1052 981 Sed
1070 938 1158 981 temen
1186 931 1336 994 edspieeres
1358 935 1461 995 vellem,
1483 939 1561 996 prout
1575 933 1633 996 ipse
1644 936 1775 997 rophe

246 1002 278 1050 ln
296 1003 420 1051 dextrum
438 1018 535 1065 versor,
552 1018 631 1066 qun·
647 1002 718 1051 uenit
737 1003 790 1065 ille,
808 1006 885 1053 istus.
1034 1000 1069 1048 Et
1086 1000 1171 1049 disces
1188 1014 1299 1062 spousee
1316 1001 1440 1062 lenguids
1458 1003 1574 1051 membre
1592 1008 1666 1053 tue.

211 1065 269 1122 tice
284 1073 384 1135 loquor,
398 1077 427 1119 et
438 1078 507 1120 tecto
520 1073 656 1120 simuletur
674 1071 771 1120 iumine
792 1086 906 1136 somnus,
1000 1069 1095 1117 Durius
1113 1075 1141 1117 et
1154 1067 1224 1117 ferro
1241 1084 1320 1132 quous
1340 1071 1375 1117 sit
1395 1070 1441 1119 tibi
1458 1077 1560 1133 peetus,
1575 1070 1696 1134 Acontig

247 1140 405 1201 Csptsuteus
424 1146 510 1189 tectus
524 1140 664 1204 reiicioque
679 1154 793 1189 menum.
922 1143 974 1190 20⁰
1031 1138 1071 1187 ‘l‘o
1084 1137 1187 1187 renium
1204 1139 1298 1186 umtris
1310 1138 1416 1186 vocibus
1433 1139 1489 1200 ipse
1504 1147 1591 1201 petes.
1715 1145 1772 1191 200

212 1208 328 1269 ingemit
345 1215 373 1257 et
390 1208 469 1258 lecito
485 1209 598 1271 suspirat
614 1214 730 1271 pectore,
749 1223 842 1272 meqtm
998 1206 1040 1255 Ne
1057 1213 1144 1255 temen
1158 1207 1269 1268 ignores,
1286 1221 1336 1269 ope
1352 1221 1403 1269 que
1419 1209 1583 1255 revalescere
1598 1208 1716 1270 possint

249 1276 394 1336 Offensum,
412 1279 527 1339 quemvis
541 1291 591 1325 non
606 1286 748 1338 mercetur,
764 1278 852 1327 hebet.
1034 1275 1177 1326 Qoeeritur
1192 1291 1208 1324 e
1224 1276 1332 1338 Delphis
1349 1274 1405 1323 ists
1420 1282 1533 1324 eenente
1551 1275 1613 1325 den.

212 1346 267 1395 liei
284 1345 354 1403 mibi,
369 1344 439 1408 quod
466 1344 574 1407 gendes,
597 1352 626 1393 et
641 1352 667 1394 te
685 1347 757 1394 iuvet
772 1347 823 1394 ists
835 1344 973 1409 voluptss!
997 1342 1025 1392 Is
1043 1357 1145 1407 qnoque
1160 1344 1246 1393 nescio
1258 1350 1540 1407 quemcunoutvsgs
1552 1342 1623 1395 seme
1632 1352 1772 1409 met,

248 1412 301 1463 ilci
319 1413 390 1474 milri,
404 1414 473 1476 quod
488 1428 579 1462 senem
598 1428 654 1463 sum
673 1416 718 1463 tibi
733 1414 802 1462 fuss
820 1413 907 1464 mensi
1034 1411 1187 1473 Neglectsrn
1206 1413 1324 1476 queritur
1341 1412 1417 1460 tectis
1434 1413 1531 1461 hebere
1544 1410 1635 1462 fidem.

212 1482 241 1531 Sl
258 1481 322 1530 ulbl
339 1482 427 1542 liugn
444 1481 522 1544 foret,
541 1488 568 1530 tu
584 1489 672 1532 nostru
689 1483 780 1531 iustius
792 1483 841 1545 irs,
922 1485 973 1532 2⁰⁸
997 1480 1057 1529 Hoc
1073 1481 1138 1529 deus
1152 1487 1180 1529 et
1192 1488 1277 1543 vetes,
1294 1482 1342 1530 iroc
1355 1487 1383 1530 et
1399 1481 1583 1530 meecsrusins
1591 1480 1702 1532 dicum:
1712 1487 1769 1533 m

247 1550 299 1600 Qut
315 1550 375 1597 mibi
394 1550 521 1600 tendebas
538 1550 615 1611 retis,
629 1550 724 1611 dignus
740 1565 809 1600 eres.
1032 1549 1075 1601 At
1086 1549 1183 1599 desunt
1195 1557 1254 1598 soto
1266 1550 1382 1598 csrrnius
1399 1551 1471 1597 nulle
1486 1557 1541 1599 too.

213 1618 320 1677 Scribis,
335 1624 364 1666 ut
379 1618 521 1668 inualidum
537 1619 616 1668 licent
630 1618 677 1668 tibi
692 1620 778 1668 uisere
797 1631 909 1683 corpnss
998 1616 1076 1666 Unde
1086 1616 1214 1666 tibiievor
1225 1619 1282 1667 hiet
1297 1617 1423 1681 nisiquod
1433 1632 1500 1667 nove
1512 1618 1580 1667 t‘orte
1594 1626 1705 1683 reperis
1714 1624 1776 1685 est,

248 1686 283 1735 Es
298 1688 389 1749 procui
400 1702 417 1735 e
431 1687 521 1748 nobis;
539 1694 568 1735 et
580 1694 667 1737 temen
687 1688 749 1738 inde
764 1702 850 1738 nomo.
1033 1685 1109 1736 Quae
1124 1687 1212 1748 cupiet
1226 1701 1332 1749 megnos
1345 1688 1434 1735 litters
1447 1688 1517 1735 lecte
1532 1687 1605 1738 deos.

212 1755 339 1817 Hirsber,
353 1770 435 1819 quere
452 1757 498 1805 tibi
515 1770 609 1805 nomen
627 1755 754 1806 Acontius
769 1763 856 1806 essct:
996 1755 1087 1817 'leque
1105 1760 1212 1803 tenente
1227 1754 1300 1815 deos,
1312 1770 1408 1803 numen
1428 1770 1521 1819 sequor
1536 1757 1593 1818 ipse
1607 1755 1730 1817 deoru,

248 1823 326 1875 Quod
341 1822 423 1873 iecist
438 1827 515 1887 longe
530 1827 632 1886 vuinus,
648 1839 758 1874 sonmeu
778 1826 869 1875 imber.
922 1829 973 1875 lit
1033 1823 1125 1886 Doque
1137 1824 1220 1871 libens
1235 1824 1318 1873 victus
1335 1824 1361 1871 iu
1380 1830 1426 1872 tus
1446 1832 1507 1872 sots
1521 1838 1623 1874 menn.
1712 1830 1766 1877 000

108 1966 113 1975 .
213 1892 293 1943 Certe
305 1906 353 1953 ego
368 1895 487 1943 convulsi
505 1893 620 1943 nondum
632 1892 667 1942 de
683 1896 791 1944 soloen
808 1894 865 1957 tsll,
972 1926 976 1937 .
998 1892 1131 1955 rususque
1144 1906 1200 1939 sum
1215 1893 1292 1940 metri
1305 1892 1434 1954 deceptse
1452 1891 1561 1942 foedere
1577 1894 1695 1957 linnee,

248 1961 285 2009 Ut
300 1961 393 2021 incolo,
405 1963 508 2025 scriptis
523 1963 625 2011 eminus
639 1963 692 2011 icte
708 1963 768 2012 tuis.
1032 1961 1142 2008 Lumine
1157 1958 1210 2009 fixe
1223 1966 1325 2023 tenens,
1340 1962 1419 2023 plene
1433 1961 1549 2024 pudoris,
1566 1962 1654 2013 humo.

213 2028 284 2081 Quid
300 2036 387 2078 temen
403 2032 454 2080 bec
471 2033 580 2080 venisst
599 2031 669 2079 Seue
690 2030 838 2081 miserebiie
851 2044 955 2095 corpus,
997 2029 1165 2081 ceterecnrs
1175 2036 1219 2078 tue
1232 2035 1289 2079 est:
1309 2030 1366 2091 plus
1376 2030 1766 2097 hocquoquesirpiueieetn,

248 2098 352 2160 Ingenii
365 2098 456 2149 sidess
469 2100 531 2148 blus
545 2106 654 2162 tropeee
665 2099 711 2148 tul.
909 2100 972 2163 [stc
1032 2098 1090 2146 Non
1112 2097 1198 2145 timuit
1219 2104 1304 2147 tecum
1323 2098 1391 2162 qnod
1414 2113 1456 2146 me
1474 2100 1566 2148 oberte
1582 2099 1663 2164 ioqui.

212 2166 379 2217 Concidimus
392 2168 495 2229 mecie;
513 2170 583 2218 color
592 2174 633 2217 est
642 2168 698 2216 sine
708 2167 850 2230 munius:
867 2171 972 2233 qeelen
997 2166 1055 2216 inm
1068 2166 1130 2215 setis
1145 2165 1272 2216 invalidos
1287 2169 1386 2217 celsino
1405 2168 1556 2217 iusserimus
1573 2174 1657 2231 eries,
1711 2172 1765 2220 100

248 2235 279 2283 ln
294 2249 371 2297 pomo
385 2236 471 2287 resero
485 2243 574 2287 ruente
589 2235 669 2285 fuisse
687 2243 741 2296 tno;
1032 2235 1067 2283 lit
1083 2249 1174 2283 monus
1190 2234 1302 2285 officium
1317 2237 1418 2298 longius
1433 2251 1513 2297 segre
1531 2243 1620 2299 neget.

212 2303 333 2353 Csndide
348 2320 397 2354 nec
410 2307 486 2355 misto
500 2306 638 2355 sublucent
653 2319 700 2353 ore
716 2304 826 2355 rubore:
998 2303 1079 2363 Quid,
1092 2303 1140 2351 nisi
1153 2304 1222 2366 qnod
1238 2304 1314 2365 cupio
1327 2319 1368 2352 me
1387 2305 1438 2352 iarn
1456 2306 1613 2367 coniungere
1628 2310 1727 2370 uena,

247 2372 342 2422 Formo
356 2375 415 2422 novi
434 2375 493 2422 telis
511 2373 644 2423 mermorls
661 2387 719 2421 esse
733 2375 809 2423 solet.
1035 2372 1137 2434 liestst,
1152 2378 1181 2420 ut
1198 2371 1331 2421 edscribet
1346 2373 1436 2421 litters
1455 2379 1561 2423 nostres
1579 2374 1659 2425 velet

210 2560 241 2607 m
265 2509 306 2550 tbi
320 2506 576 2602 a.¹:t'r;s·q;.e:doffi.tit
588 2504 653 2549 ntbt.
666 2504 719 2549 lin.
733 2504 751 2547 i.
767 2504 796 2549 F.
809 2503 912 2547 (inser.
966 2503 1009 2549 tit
1022 2502 1080 2546 biso
1095 2511 1191 2560 trepeee
1203 2515 1275 2548 verse
1289 2515 1323 2559 sq.
1334 2505 1497 2561 „explicuisse
1561 2508 1604 2551 Μ
1616 2506 1718 2563 retibus,
1730 2510 1764 2555 ud

242 2574 310 2605 enum
546 2589 552 2602 .
