3586 5498
219 204 294 277 siu
473 228 506 275 e.
531 227 676 275 orrnrr
699 226 884 275 sasours
907 225 1333 276 xnrssroaerrosaos
1359 224 1440 273 usa
1464 224 1516 273 ιιι.

639 395 898 471 LIBER
945 394 1339 471 TERTIUS.

223 565 331 629 iamque
345 562 420 623 dens,
435 562 518 626 posita
541 559 641 611 fallacis
654 560 766 625 imagine
781 564 858 625 tsnrl,
1009 560 1046 610 At
1063 576 1113 609 non
1129 560 1225 610 duritia
1247 562 1357 611 lacnlnm
1372 576 1474 626 qnoque
1490 561 1570 612 vineit
1581 561 1698 626 eadem,
1768 593 1771 603 ·
1786 592 1788 597 ·

221 636 256 684 Se
274 632 405 683 coufessus
425 638 490 691 erat,
508 632 668 695 Dictaeaque
687 647 748 681 rora
767 634 893 694 tenebat3
1008 631 1085 681 enno
1107 630 1193 680 medio
1210 632 1297 679 lentae
1315 630 1395 679 fixam
1413 633 1563 681 curvamine
1579 632 1680 696 spinae

222 706 307 754 (issum
326 708 402 763 pater
419 702 522 762 ignarus
542 700 640 749 Cadmo
658 702 809 764 perquirere
829 709 930 764 raptata
1009 699 1140 757 Constitit,
1157 704 1186 748 et
1204 705 1258 747 toto
1276 699 1413 749 deseendit
1430 701 1455 748 iu
1475 701 1519 749 ilia
1537 698 1618 749 ferro.

220 772 346 834 Imperat,
365 777 392 819 et
411 784 531 832 poenam,
551 770 571 817 si
589 784 640 817 non
659 770 797 830 invenerit,
816 770 890 820 addit
1010 767 1069 826 iile,
1087 767 1176 817 dolore
1186 766 1271 827 ferox,
1289 776 1368 831 caput
1386 769 1410 816 ln
1433 784 1479 818 son
1500 776 1576 831 terga
1592 768 1720 828 retorsit,

196 843 199 848 ’
219 840 354 898 Exsilium,
372 837 442 887 facto
460 840 517 899 pius
536 844 562 886 et
581 840 721 887 sceleratus
740 838 841 887 eodem.
967 844 982 887 o
1009 837 1177 900 Vulneraque
1192 837 1322 899 adspexit,
1341 838 1472 901 fixumque
1485 838 1577 887 hastile
1592 838 1758 887 momordit.

219 909 291 958 Orbe
310 915 455 970 pererrato,
473 907 528 969 quis
548 908 615 954 enirn
636 906 802 968 deprendere
821 907 902 970 possit
1011 905 1104 969 idque,
1115 907 1157 953 ubl
1174 907 1198 953 vi
1213 909 1293 954 muita
1311 914 1411 967 partem
1429 907 1552 955 labefecit
1569 907 1594 954 in
1611 921 1738 964 omnem,
1759 908 1790 955 7-

218 979 302 1027 Furta
320 976 407 1024 lovis?
425 974 548 1036 profugos
567 976 729 1038 patriamque
743 974 858 1039 iramque
869 978 985 1037 peremta
1011 975 1062 1021 Vix
1080 983 1152 1033 tergo
1169 975 1281 1036 eripuit,
1302 973 1397 1023 ferrum
1414 982 1500 1024 tamen
1524 976 1623 1024 ossibus
1640 977 1758 1027 haeret.

219 1048 294 1095 Vitat
314 1043 494 1106 Agenorides;
513 1044 665 1108 Phoebique
683 1045 787 1092 oracula
805 1046 916 1106 supplex
1010 1045 1073 1090 Tum
1093 1059 1169 1101 vero,
1188 1050 1323 1106 postquam
1341 1045 1429 1092 solitas
1447 1044 1556 1093 accessit
1575 1045 1609 1093 ad
1626 1045 1685 1093 iras

220 1114 347 1165 Consulit.
366 1118 403 1169 et,
421 1127 487 1175 quae
506 1113 539 1161 sit
557 1114 634 1160 tellus
652 1113 804 1173 habitanda,
823 1114 940 1178 requirit.
1011 1113 1093 1170 Plaga
1112 1126 1212 1171 recens,
1231 1112 1314 1173 plenis
1333 1119 1483 1162 tumuerunt
1500 1120 1605 1175 guttura
1625 1114 1718 1174 renis,

220 1186 273 1234 Bos
293 1183 347 1243 tibi,
365 1181 487 1230 Phoebus
505 1181 551 1241 ait,
569 1183 629 1229 solis
648 1189 766 1231 occurret
784 1183 809 1230 in
828 1182 906 1241 arsis,
953 1186 985 1232 lu
1011 1181 1158 1244 Spumaque
1176 1180 1313 1243 pestiferos
1331 1181 1484 1230 circumfluit
1502 1181 1590 1230 albida
1608 1183 1709 1241 rictus,

220 1253 326 1302 Nullum
345 1265 422 1314 passa
442 1250 537 1311 iugum,
557 1251 679 1314 curvique
699 1251 817 1299 immunis
835 1250 924 1300 aratri.
1009 1251 1142 1313 Terraque
1155 1264 1213 1297 rasa
1227 1256 1302 1298 sonat
1317 1251 1443 1314 squamis,
1463 1252 1558 1315 quique
1570 1250 1670 1301 halitus
1684 1252 1747 1301 exit
1758 1254 1793 1300 ⁷·-

220 1321 281 1370 Hae
298 1319 364 1369 duce
382 1334 461 1381 carpe
480 1320 542 1377 vias,
561 1326 597 1375 et,
616 1334 667 1383 qua
685 1320 843 1383 requieverit
860 1320 951 1382 herba,
1012 1320 1068 1366 0re
1086 1319 1160 1380 niger
1178 1318 1277 1380 Stygio,
1296 1319 1400 1367 vitiatas
1417 1318 1498 1368 inficit
1515 1332 1601 1367 auras.

220 1390 328 1439 Moenia
346 1388 386 1437 fao
404 1388 510 1449 condas,
529 1390 689 1452 Boeotiaque
708 1388 752 1436 illa
769 1395 870 1437 vocato.
1012 1387 1073 1448 ipse
1089 1387 1164 1435 modo
1180 1388 1330 1435 immensum
1350 1388 1426 1450 spiris
1445 1386 1598 1436 facientibus
1617 1386 1717 1437 orbem

221 1458 274 1507 Vix
293 1459 360 1506 bene
379 1457 491 1505 Castalio
509 1456 623 1506 Cadmus
642 1456 816 1506 descenderat
834 1463 925 1517 antro;
1011 1456 1143 1515 Cingitur3
1163 1455 1293 1504 interdum
1312 1457 1388 1519 longa
1403 1458 1477 1505 trabe
1496 1458 1592 1505 rectior
1608 1456 1675 1505 exit.

222 1526 409 1576 incustoditam
429 1528 499 1574 lente
519 1526 591 1574 videt
609 1527 646 1574 ire
664 1527 808 1584 iuvencam,
954 1530 986 1575 le
1013 1524 1115 1586 impete
1132 1538 1201 1573 nuno
1216 1530 1298 1585 vasto,
1314 1538 1362 1573 ceu
1381 1527 1495 1573 concitus
1509 1526 1633 1574 imbribus
1651 1526 1755 1587 amnis,

222 1596 326 1645 Nullum
346 1595 442 1643 servitii
460 1595 559 1656 signum
577 1594 678 1643 cervice
696 1601 841 1656 gerentem.
1013 1594 1117 1649 Fertur,
1135 1599 1162 1642 et
1181 1593 1313 1642 obstantes
1337 1593 1472 1655 proturbat
1494 1601 1600 1657 pectore
1619 1595 1716 1645 sileas.
1762 1609 1783 1636 υ

222 1664 403 1727 Subsequitur,
422 1677 563 1727 pressoque
581 1663 645 1725 legit
662 1664 771 1724 uestigia
789 1676 889 1725 gressu,
1012 1661 1090 1711 Cedit
1108 1662 1272 1724 Agenorides
1289 1664 1404 1724 paulum,
1423 1664 1555 1726 spolioque
1573 1663 1656 1711 leonis

222 1733 418 1796 Auctoremque
437 1732 494 1780 viae
513 1733 646 1780 Phoebum
666 1733 808 1781 taciturnus
830 1731 933 1780 adorat.
1012 1732 1128 1778 Sustiuet
1146 1732 1271 1791 incursus,
1289 1732 1463 1794 instantiaque
1481 1746 1526 1779 ora
1544 1731 1666 1781 retardat

221 1801 279 1851 ianr
300 1800 366 1850 vada
384 1800 512 1863 Cephissl‚
531 1801 704 1864 Panopesque
724 1807 844 1849 evaserat
864 1814 945 1848 arva:
1012 1799 1127 1861 Cuspide
1148 1804 1295 1861 praetenta.
1333 1800 1407 1848 Furit
1422 1801 1474 1861 ille,
1494 1806 1521 1849 et
1540 1800 1627 1848 inania
1642 1800 1716 1850 duro

222 1873 275 1921 lios
293 1870 375 1931 stetit,
396 1875 423 1918 ct
443 1871 535 1919 tollens
553 1870 691 1931 arratiosam
714 1869 833 1918 cornibus
853 1868 912 1916 altis
954 1870 988 1916 20
1013 1868 1130 1916 Vulnera
1148 1869 1194 1917 dat
1211 1867 1290 1928 ferro,
1308 1867 1456 1932 frangitque
1475 1869 1500 1917 ln
1520 1870 1641 1918 acumine
1656 1871 1771 1921 dentes.

222 1940 266 1993 Ad
285 1936 384 1988 coelum
404 1937 526 1998 frontem,
544 1938 680 1999 mugitibus
699 1938 799 2001 impulit
816 1951 910 1996 auras3
1014 1937 1121 2000 iamque
1141 1936 1293 1986 venenifero
1311 1938 1415 2000 sanguis
1429 1952 1536 1986 manare
1549 1938 1640 2000 palate
1754 1944 1790 1989 88

223 2008 311 2072 Atque
329 2009 374 2069 ita,
399 2008 539 2069 respiciens
558 2008 664 2056 comites
683 2021 728 2054 sna
746 2014 821 2070 terga
838 2010 987 2070 sequentes,
1013 2006 1153 2067 coeperet,
1170 2011 1198 2054 et
1212 2007 1307 2055 virides
1324 2007 1481 2069 adspergine
1499 2007 1614 2056 tinxerat
1630 2004 1752 2070 {urbm

222 2076 372 2136 Procubuit,
391 2085 536 2140 teneraque
552 2077 620 2124 latus
643 2075 760 2124 submisit
777 2077 802 2123 in
821 2075 912 2125 herba.
1013 2075 1067 2123 Sed
1084 2076 1142 2122 leve
1159 2075 1252 2122 volnus
1271 2082 1342 2124 erat:
1362 2076 1422 2139 quia
1441 2090 1469 2123 se
1488 2075 1642 2124 retrahebat
1663 2076 1700 2125 ab
1722 2078 1792 2141 teta,

223 2146 337 2196 Cadmus
355 2145 409 2207 agit
430 2151 526 2207 grates,
546 2146 750 2208 peregrinaeque
769 2145 856 2193 oscula
874 2150 963 2203 terrae
1014 2144 1148 2206 Laetaque
1163 2145 1229 2192 colia
1245 2143 1326 2193 dabat
1347 2151 1427 2204 retro,
1445 2145 1600 2208 plagamque
1614 2143 1713 2195 aedera

223 2216 302 2279 Figit,
320 2222 347 2262 et
365 2215 465 2277 ignotos
483 2220 584 2262 montes
603 2227 730 2278 agrosque
749 2214 853 2262 salutat.
927 2208 987 2263 'erbe
1013 2212 1140 2261 Cedeudo
1157 2213 1266 2262 arcebat
1283 2228 1332 2262 nce
1350 2215 1451 2276 longius
1469 2214 1506 2263 ire
1525 2213 1635 2262 sinebat.

222 2285 303 2333 Sacra
321 2283 377 2331 iovi
395 2281 510 2332 facturas
529 2288 601 2331 erut:
620 2284 691 2331 iubet
709 2282 747 2330 lre
766 2282 905 2345 ministros,
1014 2283 1104 2330 Donec
1118 2281 1281 2343 Agenorides
1298 2283 1442 2332 coniectum
1460 2283 1486 2330 in
1508 2287 1613 2343 gutture
1628 2279 1733 2333 ferrern
1754 2289 1792 2335 ao

222 2354 258 2403 Et
276 2359 367 2416 petere
386 2366 401 2400 e
420 2352 483 2400 vivis
502 2349 620 2399 libandas
638 2349 750 2400 fontibus
770 2351 862 2400 undas.
1014 2350 1102 2414 Usque
1121 2364 1232 2412 sequens
1252 2351 1355 2413 pressit,
1373 2352 1434 2400 dum
1456 2359 1524 2400 retro
1544 2365 1655 2414 quereus
1672 2352 1754 2402 eunti

222 2423 293 2471 Silva
311 2428 386 2470 vetus
404 2422 498 2477 stabat,
517 2422 588 2469 nulla
606 2418 700 2469 violata
719 2420 812 2479 sceurl,
828 2460 831 2465 ⁴
1015 2418 1134 2477 Obstitit,
1154 2425 1181 2466 et
1196 2418 1248 2467 fixa
1264 2426 1304 2470 est
1318 2421 1417 2482 pariter
1430 2435 1487 2468 eum
1502 2420 1595 2470 robore
1609 2420 1711 2470 ceruix.

222 2490 258 2541 Et
276 2505 368 2552 specus
387 2490 411 2537 in
431 2489 527 2549 medie,
545 2487 623 2549 virgis
641 2503 672 2537 ac
689 2488 783 2535 simine
803 2488 910 2548 densus,
1015 2487 1135 2536 Pondere
1157 2491 1285 2550 serpentis
1306 2495 1414 2537 crrrvata
1435 2497 1475 2537 est
1497 2490 1582 2548 arbor,
1598 2489 1713 2539 etimne

222 2558 344 2608 Efficiens
361 2559 481 2606 humilem
499 2556 612 2619 lapidum
634 2557 800 2617 compagibus
822 2570 918 2615 arcum,
955 2560 988 2605 8⁰
1015 2557 1094 2605 Parte
1112 2556 1238 2617 flagellari
1257 2558 1354 2619 gemuit
1372 2573 1418 2606 sua
1435 2559 1528 2606 robora
1545 2556 1655 2606 nudae.

223 2629 352 2677 Uberibus
371 2626 498 2674 fecundus
518 2626 607 2687 aquis,
627 2625 669 2671 ubi
688 2624 806 2672 conditus
825 2631 900 2673 antro
1015 2626 1082 2673 Dum
1094 2626 1205 2686 spatium
1223 2628 1305 2676 victor
1325 2627 1384 2675 victl
1397 2626 1545 2675 considerat
1557 2626 1653 2685 lrostisr
1753 2634 1792 2680 οι

223 2697 335 2746 Martius
347 2695 437 2755 anguis
452 2699 519 2753 erat,
531 2693 614 2741 cristis
632 2694 775 2755 praesignis
795 2698 821 2740 et
835 2707 913 2743 auro:
1018 2694 1074 2742 Vox
1107 2694 1191 2742 subito
1222 2694 1313 2744 audita
1344 2702 1399 2759 est,
1427 2710 1513 2759 neque
1542 2701 1601 2743 erat
1622 2709 1792 2759 eognoscera

223 2765 291 2829 igne
312 2764 408 2811 micent
426 2763 509 2819 ocuii;
529 2776 620 2823 corpus
641 2767 722 2809 tumet
740 2775 815 2809 omne
835 2777 952 2822 veneno;
1444 2770 1602 2827 promptum,

222 2834 339 2896 Tresque
350 2832 576 2891 vibrantliuguae3
594 2830 688 2890 tripiici
702 2836 771 2878 stant
785 2829 875 2879 ordine
885 2830 988 2881 deuter.
1016 2832 1110 2895 Unde,
1133 2831 1180 2881 sed
1199 2830 1289 2882 andita
1305 2837 1361 2893 est;
1381 2831 1465 2894 Quid,
1485 2834 1607 2893 Agenore
1624 2838 1704 2895 nate,
1723 2848 1792 2896 per-

224 2904 310 2953 Quem
329 2907 463 2963 postquam
485 2898 563 2961 Tyria
582 2900 666 2946 lucum
684 2897 811 2959 degente
828 2898 937 2961 profecti
956 2904 988 2948 So
1442 2908 1557 2964 emptum

224 2969 343 3020 infausto
362 2970 473 3029 tetigere
492 2968 583 3029 gradu,
602 2967 764 3029 demissaque
783 2968 808 3015 ln
829 2968 911 3017 undas
1015 2969 1170 3032 Serpentem
1188 2973 1311 3032 spectare
1330 2974 1357 3017 et
1376 2976 1404 3019 tn
1420 2972 1573 3032 spectabere
1590 2981 1712 3031 serpens.

224 3040 298 3089 Urna
316 3037 390 3086 dedit
408 3037 536 3094 sonituru;
557 3037 658 3095 longum
677 3042 756 3097 caput
774 3037 869 3086 extulit
886 3043 961 3086 antro
1016 3038 1065 3087 ille
1082 3038 1126 3087 diu
1140 3038 1259 3101 pauidus,
1275 3039 1375 3100 pariter
1389 3052 1447 3086 cum
1464 3045 1551 3088 mente
1568 3040 1681 3087 colorem

225 3108 368 3157 Caeruleus
386 3119 504 3167 serpens,
522 3104 702 3169 horrendaque
722 3106 795 3153 sibila
812 3106 890 3156 misit.
1016 3107 1184 3164 Perdiderat,
1206 3106 1342 3171 gelidoque
1359 3122 1448 3155 wmae
1465 3116 1564 3157 terrore
1581 3107 1712 3165 rigebant.
1733 3111 1791 3157 lull

224 3176 357 3225 Eiliuxere
378 3188 459 3223 nmae
477 3174 603 3233 manibus,
621 3175 785 3237 sanguisque,
801 3174 921 3238 relinquit
1016 3176 1094 3236 Eece,
1107 3176 1154 3224 viri
1169 3174 1275 3233 fautrix,
1294 3190 1401 3237 superas
1419 3176 1527 3239 delapsa
1543 3189 1590 3238 per
1602 3189 1681 3223 auras

224 3246 334 3307 Corpus,
352 3251 379 3293 et
391 3242 513 3292 attonitos
531 3243 629 3292 subitus
639 3248 737 3291 tremor
747 3250 857 3305 occupat
868 3248 989 3295 artuado
1016 3244 1104 3293 Pallas
1115 3244 1206 3302 adest;
1225 3250 1361 3311 motaeque
1377 3246 1449 3294 iubet
1464 3258 1611 3307 supponere
1623 3248 1714 3293 terrae

225 3315 274 3363 Ille
293 3314 445 3361 solubilibus
464 3325 611 3375 squamosos
630 3314 741 3361 nexibus
759 3313 835 3360 orbes
855 3328 858 3332 ·
1017 3314 1145 3376 Vipereos
1164 3313 1267 3371 dentes,
1284 3312 1371 3375 papali
1390 3314 1550 3363 incrementa
1566 3311 1656 3361 tirturi.

223 3385 348 3445 Torquet.
367 3388 395 3431 et
412 3381 549 3430 immensos
566 3381 632 3430 saltu
655 3382 771 3430 sinuatur
787 3382 812 3429 in
829 3394 920 3441 arcus;
1017 3383 1107 3439 Paret,
1124 3387 1162 3441 et,
1180 3387 1209 3430 nt
1222 3395 1312 3443 presso
1325 3382 1422 3431 suicsrm
1439 3378 1564 3445 patefecit
1579 3387 1676 3439 aratro,

225 3451 266 3502 Ac
285 3451 370 3499 media
390 3452 446 3513 plus
465 3456 541 3512 parte
558 3451 630 3499 letes
648 3457 750 3499 erectus
769 3451 794 3498 in
815 3464 891 3498 auras
1017 3452 1123 3514 Spargit
1138 3451 1207 3499 humi
1229 3450 1319 3509 iussos,
1344 3454 1462 3500 mortalia
1482 3452 1590 3510 semina,
1604 3449 1710 3500 dentes.
1735 3455 1790 3503 1⁰5

225 3520 344 3582 Despicit
361 3534 436 3569 omne.
450 3534 555 3567 nemus:
574 3522 698 3581 tantoque
709 3526 748 3568 cst
757 3534 875 3580 corpore,
884 3524 991 3583 quanto,
1017 3519 1094 3579 lade,
1112 3520 1165 3568 tide
1183 3518 1275 3579 maius,
1294 3520 1385 3581 glebae
1403 3536 1514 3582 coepere
1533 3518 1640 3577 moueri,

224 3590 253 3639 Si
275 3596 356 3637 totum
375 3593 487 3650 spectes,
506 3588 621 3648 geminas
638 3590 680 3652 qui
695 3596 801 3649 separat
818 3587 920 3636 Arctos.
956 3591 990 3636 45
1017 3588 1156 3652 Primaque
1175 3588 1209 3637 de
1227 3589 1303 3636 sulcis
1322 3589 1390 3637 acies
1408 3590 1530 3653 apparuit
1548 3589 1648 3636 hastae.

225 3659 283 3707 Nec
301 3672 387 3716 mora;
408 3657 561 3713 Phoenicas,
580 3656 633 3703 sive
652 3656 688 3704 illi
707 3657 760 3703 tela
778 3656 915 3717 parabant,
1014 3656 1141 3719 Tegmina
1155 3671 1214 3706 mox
1230 3658 1343 3719 capitum
1357 3658 1426 3719 picto
1443 3659 1563 3707 nutamia
1576 3670 1652 3712 cono,

225 3726 287 3775 Sive
308 3724 404 3787 fugam,
421 3725 475 3773 sive
492 3725 547 3786 ipse
566 3725 641 3772 timor
655 3724 811 3786 prohibebat
827 3731 973 3789 rrtrrrmque,
1016 3725 1079 3774 Mox
1092 3727 1191 3775 humeri
1210 3734 1362 3789 pectusque,
1377 3734 1537 3791 onerataque
1552 3725 1656 3775 brachia
1671 3727 1732 3775 telis

226 3795 362 3856 Occupat,
381 3794 427 3842 hos
441 3808 536 3848 morsu,
557 3792 638 3853 longis
659 3792 820 3855 amplexibus
834 3793 901 3855 iilos,
1017 3795 1162 3855 Exsistunt,
1180 3796 1324 3859 crescitque
1348 3810 1422 3858 seges
1442 3796 1555 3858 clipeata
1572 3794 1694 3843 virorum.
1734 3798 1789 3849 llo

226 3862 283 3913 lios
302 3866 379 3912 necat
396 3862 495 3919 aliiatu,
513 3859 617 3909 funesta
636 3862 681 3908 hos
703 3862 763 3909 tabe
783 3861 886 3910 veneni.
1017 3864 1069 3924 Sic,
1087 3865 1130 3919 ubi
1148 3866 1275 3913 tolluntur
1292 3863 1365 3912 l'estis
1382 3864 1475 3913 aulaea
1494 3864 1613 3921 theatris,
1710 3868 1713 3873 “

225 3934 338 3981 Fecerat
355 3933 463 3993 exiguas
484 3932 533 3979 iam
556 3932 593 3977 soi
613 3931 752 3978 altissimus
767 3930 888 3978 umbras:
957 3934 991 3979 ab
1017 3932 1130 3994 Surgere
1144 3933 1217 3995 signa
1232 3934 1326 3992 solent,
1340 3933 1502 3999 primumque
1518 3932 1657 3982 ostendere
1672 3934 1789 3995 sultuna,

226 4001 302 4052 Quae
316 4015 387 4048 mora
399 4002 433 4049 sit
447 4000 530 4061 sociis,
545 4001 654 4048 miratur
671 4000 793 4060 Agenore
805 4003 890 4060 natus,
1016 4002 1112 4051 Cetera
1132 4002 1266 4065 paulatim,
1285 4002 1438 4066 placidoque
1457 4002 1551 4051 educta
1567 4009 1658 4050 tenore

226 4070 396 4131 Vestigatquc
416 4071 492 4117 uiros.
527 4068 651 4129 Tegimen
672 4069 782 4131 derepta
801 4066 869 4115 leoni
1014 4070 1082 4119 Tota
1098 4076 1200 4131 patent,
1220 4071 1320 4134 imoque
1337 4071 1418 4133 pedes
1430 4072 1455 4120 in
1472 4072 1586 4134 margine
1603 4068 1786 4133 ponunt.[lib

225 4138 305 4188 Pellis
325 4143 397 4195 erat;
417 4137 497 4184 telum
516 4137 665 4198 splendenti
685 4140 775 4185 lancea
793 4136 872 4194 ferro,
1015 4139 1132 4187 Territus
1146 4140 1219 4187 hoste
1236 4153 1302 4185 novo
1321 4139 1435 4190 Cadmm
1452 4154 1547 4205 capere
1563 4154 1635 4188 arma
1651 4138 1785 4202 parabata

225 4207 261 4256 Et
278 4207 398 4263 laerrlum,
419 4206 522 4267 teloque
540 4207 640 4253 arsimus
656 4207 830 4269 praestantior
843 4204 921 4255 omni.
1017 4208 1059 4257 Na
1078 4221 1153 4270 cape,
1175 4205 1209 4256 de
1222 4208 1328 4270 populo,
1344 4223 1419 4272 quem
1437 4217 1507 4258 terra
1522 4215 1668 4269 creaverat,
1680 4220 1749 4255 uuas

225 4275 263 4324 Ut
281 4288 371 4324 nemus
391 4274 506 4332 intravit,
524 4275 655 4338 letataque
674 4290 782 4336 corpora
802 4274 874 4333 vidit,
957 4280 990 4323 oa
1017 4276 1163 4336 Exclamat,
1181 4290 1231 4324 nec
1249 4282 1274 4324 te
1292 4276 1408 4326 civilibus
1428 4280 1514 4327 insere
1534 4274 1623 4327 bellis!

226 4345 409 4408 victoremque
429 4356 507 4404 sopra
526 4344 632 4403 spatiosi
651 4344 764 4405 eorporis
784 4344 882 4391 lrostem
1018 4344 1106 4408 Atque
1125 4345 1162 4392 lta
1182 4344 1320 4407 terrigenis
1338 4347 1422 4409 rigido
1440 4348 1474 4396 de
1494 4345 1615 4395 fratribus
1633 4356 1711 4391 unum

224 4415 319 4462 Tristia
337 4411 478 4474 sanguinea
495 4410 651 4459 lambentem
670 4414 777 4459 salucra
795 4412 895 4473 lingua;
1017 4412 1166 4461 Comminus
1188 4426 1251 4461 ease
1269 4411 1350 4474 ferlt;
1369 4416 1451 4464 iaculo
1470 4415 1540 4464 cadit
1559 4416 1658 4463 eminus
1680 4412 1747 4472 ipse.

227 4481 283 4531 Aut
294 4485 362 4530 ultor
380 4485 493 4537 restrae,
512 4477 636 4529 fidissima
652 4493 770 4541 corpora,
789 4480 887 4539 mortis,
1018 4481 1069 4530 iiic
1085 4494 1196 4547 qnoque,
1217 4482 1260 4546 qui
1278 4484 1330 4531 leto
1347 4484 1467 4543 dederat,
1486 4498 1536 4530 nou
1554 4484 1653 4546 longius
1669 4482 1712 4529 illo
1734 4485 1786 4529 tao

228 4550 282 4600 Aut
294 4563 390 4611 carmes,
403 4550 494 4614 inquit,
506 4563 560 4597 ero.
579 4548 659 4609 Dixit,
675 4548 819 4611 dextraque
834 4550 955 4598 molarem
1017 4549 1100 4609 Vivit,
1115 4554 1142 4598 et
1157 4552 1283 4614 exspirat,
1302 4554 1377 4602 medo
1402 4568 1465 4617 quas
1486 4558 1634 4616 acceperat,
1653 4564 1747 4610 euna,

226 4620 344 4681 Sustulit,
365 4624 393 4669 et
410 4632 529 4681 magnum
549 4632 642 4677 magno
662 4617 796 4666 costamine
810 4616 887 4666 misit.
957 4621 991 4666 ull
1017 4618 1195 4682 Exemploque
1211 4621 1267 4682 pari
1279 4619 1341 4671 furit
1354 4622 1435 4670 amuis
1446 4622 1530 4678 turba,
1545 4636 1642 4686 suoque

226 4688 299 4736 lliius
318 4690 427 4751 impulsu
446 4702 523 4751 quum
541 4688 654 4736 turribus
672 4686 752 4735 ardua
768 4686 842 4733 celsis
1017 4688 1105 4736 Marte
1122 4687 1220 4737 cadunt
1235 4690 1311 4738 sulrltl
1330 4704 1377 4751 per
1388 4695 1477 4737 mutua
1488 4693 1595 4739 uulnera
1609 4688 1713 4737 fratres.

226 4757 331 4806 Moenia
352 4763 421 4807 mota
442 4755 538 4813 forent,
556 4768 663 4817 serpeus
682 4756 736 4804 sinc
755 4755 863 4803 vulnere
881 4752 990 4815 manslt3
1018 4757 1125 4819 lamque
1141 4756 1226 4805 brevis
1244 4758 1354 4819 spatium
1372 4758 1439 4807 vitae
1459 4760 1550 4808 sortita
1564 4760 1683 4808 iuventus

226 4826 386 4890 loricaeque
403 4825 479 4875 modo
493 4824 604 4889 squamis
616 4822 748 4881 defensus,
766 4828 793 4870 et
809 4828 883 4872 atrae
1016 4824 1189 4884 Sanguineam
1201 4826 1303 4888 trepido
1313 4828 1588 4889 plangebantpectore
1596 4833 1719 4875 matrem:
1733 4830 1785 4875 12³

228 4894 329 4943 Duritia
347 4896 432 4957 pellis,
451 4894 549 4944 validos
567 4896 626 4942 ente
644 4893 740 4957 repulit
757 4892 832 4941 ictus.
1016 4894 1137 4957 Quinque
1154 4894 1352 4957 susperstitihus3
1373 4911 1480 4961 querum
1496 4896 1544 4946 fuit
1556 4911 1621 4944 uum
1640 4894 1747 4945 Echion.

282 5029 332 5073 bib.
347 5029 388 5082 ili,
409 5032 434 5073 tl
450 5027 746 5073 herusolimitanus.
773 5027 952 5083 temmplnrt.
981 5028 1007 5069 lt
1022 5030 1119 5081 afflatos
1129 5029 1228 5078 sensati
1241 5029 1293 5072 tabe
1309 5031 1339 5073 il.
1354 5031 1413 5074 illuri
1430 5031 1599 5090 participent.
1614 5030 1700 5078 Medis.
1715 5040 1786 5088 pm·

226 5084 303 5128 bellat.
335 5084 363 5127 ib
379 5084 455 5127 Cossa
471 5081 908 5129 reeens.rlit.liurra.cduobendd.
958 5081 996 5125 iul
1009 5083 1161 5137 suatoreod.
1206 5085 1246 5131 112
1260 5087 1379 5143 matrique
1392 5088 1441 5135 eod.
