3586 5498
106 255 185 326 m
368 279 780 327 astulonensem
813 280 1246 327 HDTAMDDPRDDDDN
1271 279 1353 326 MD.
1377 280 1403 329 Ι.

110 449 149 499 Ut
160 447 273 499 nondum
286 447 405 514 liquidas,
415 449 450 497 aie
460 449 511 497 iarn
527 445 593 497 sads
603 452 665 498 neta
679 456 809 500 senates.
817 452 869 500 tit
895 445 1000 496 Solibus
1017 447 1140 498 aetheriis
1156 449 1262 512 altoque
1280 445 1419 498 recanduit
1434 453 1530 511 aestu
1615 457 1670 505 m

108 518 178 568 Inde
197 519 240 566 ubi
258 520 348 568 libatos
366 519 511 566 irroravere
529 517 641 580 liquores
899 515 989 565 Edidit
1006 517 1154 566 innumeras
1172 518 1282 580 species,
1299 517 1446 580 partimque
1463 517 1564 579 figuras

111 589 233 636 Vestibus
252 595 279 635 et
301 588 390 650 capiti,
411 588 521 635 tlectrrnt
536 586 644 647 vestigia
661 594 769 633 sanetae
900 585 997 632 Retulit
1015 588 1144 650 autiquae,
1162 588 1256 649 partim
1277 602 1343 635 nera
1361 593 1475 635 mosaha
1491 591 1606 639 messit.

111 656 155 706 Ad
175 656 283 705 delubra
301 655 385 717 deae;
405 671 512 719 (prmum
532 653 634 715 fastigia
651 653 721 715 turpi
899 654 948 701 illa
967 654 1070 717 quidem
1091 657 1180 715 nollet,
1194 655 1241 705 sed
1257 662 1283 704 te
1298 670 1410 719 quoque,
1427 656 1541 705 maxine
1549 658 1670 722 Pytha.

111 726 250 773 Pallebant
272 740 368 784 museo,
384 726 540 788 stabantque
555 725 611 772 sine
629 724 728 785 ignibus
746 736 818 773 arae.
896 724 970 772 reae
986 726 1086 786 genuit,
1104 725 1258 788 populisque
1275 726 1358 784 neris,
1376 725 1509 785 inunguitur
1525 741 1653 790 serpens,

111 794 148 842 Ut
166 794 255 863 templi
273 797 385 855 tetIgere
408 794 513 854 gradum,
530 793 675 855 procumbit
694 800 803 856 uterque
821 797 870 841 tlt
896 793 992 840 'l'error
1011 806 1084 842 eras:
1105 800 1203 841 tantum
1222 794 1299 855 spatii
1317 793 1351 842 de
1370 798 1597 847 maturescens.
1614 802 1669 849 {fl

110 862 211 912 Pronus
233 863 312 922 hunsl,
330 863 466 926 gelidoque
484 877 582 923 pavens
606 861 680 911 dedit
696 863 782 910 oserda
799 875 871 911 uxo.
898 860 975 909 Hane
993 860 1057 910 deus
1075 863 1235 923 arcitenens,
1255 868 1282 910 et
1300 876 1429 925 nunquam
1456 864 1551 913 talibas
1570 868 1654 917 amb
1681 918 1686 927 ,

111 931 199 995 Atque
217 931 264 990 ita,
284 932 311 978 Si
329 932 458 994 precibus,
476 931 608 991 dixerunt,
626 930 732 978 nundus
748 930 820 980 iustis
899 930 979 990 Ante,
998 931 1047 979 uisi
1064 930 1091 978 iu
1111 930 1193 980 damis
1211 931 1363 995 capreisque
1380 928 1525 993 fugacibus,
1543 949 1618 996 usas,

108 1000 187 1049 Victa
205 1003 395 1059 remollescuut,
415 1001 436 1048 si
458 998 572 1048 flectitur
589 1000 627 1047 ira
641 998 768 1059 deorum
899 999 972 1047 Mille
989 1014 1095 1061 gravem
1114 1002 1182 1061 telis,
1200 1002 1328 1049 exhausta
1345 1013 1430 1061 paene
1448 1002 1585 1065 pharetra,

109 1070 168 1129 Die,
182 1070 283 1127 Themi,
304 1085 355 1133 qua
369 1069 472 1129 generis
488 1068 610 1116 daruuurn
628 1068 775 1130 reparabile
791 1069 872 1117 nostri
899 1067 1027 1128 Perdidit,
1046 1066 1127 1118 effuso
1145 1083 1193 1132 per
1211 1071 1319 1118 vulnera
1338 1069 1411 1130 nigra
1430 1084 1550 1133 veueno;

109 1138 177 1187 Arte
193 1138 235 1197 sit,
253 1146 281 1187 et
296 1140 385 1186 mersis
403 1138 443 1186 t'er
455 1152 541 1198 opem,
554 1138 696 1195 mitissima,
711 1135 804 1185 rebus!
821 1142 871 1186 384
899 1138 972 1185 here
991 1138 1077 1199 operis
1094 1136 1189 1187 maus
1208 1139 1289 1200 possit
1306 1139 1395 1187 delere
1414 1145 1539 1203 setaslss,
1613 1144 1669 1193 ut

107 1207 183 1255 Mota
201 1207 252 1256 dea
274 1213 323 1267 est,
344 1215 492 1270 sortemque
513 1206 603 1255 dedit:
624 1206 758 1255 Discedite
773 1209 871 1271 templo
899 1205 1016 1255 instituit
1033 1220 1119 1255 saeros
1137 1208 1234 1256 celebri
1252 1207 1395 1256 certamine
1413 1207 1497 1267 ludas,

111 1277 147 1324 Et
161 1277 246 1325 velate
264 1283 352 1339 eaput,
370 1277 519 1339 cinctasque
537 1276 657 1324 resolvite
680 1284 774 1335 vestes,
899 1276 1002 1337 Pythia,
1021 1275 1055 1325 de
1072 1276 1185 1325 domitae
1203 1278 1332 1338 serpentis
1351 1277 1454 1325 semiue
1472 1277 1566 1328 dietus.

13 1394 17 1402 ,
111 1346 229 1408 Ossaque
245 1353 304 1407 post
321 1353 420 1407 tergum
438 1360 547 1407 magnae
565 1345 661 1393 melate
678 1346 802 1406 parentis.
899 1344 948 1392 His
960 1344 1505 1409 iuvenumquieusrquemanupedihusve,
1519 1354 1615 1397 rotare

111 1415 279 1476 Obstupuere
294 1414 356 1473 diu;
376 1416 521 1477 rumpitque
536 1414 639 1462 silentia
655 1428 717 1462 voce
898 1412 1015 1473 Vicerat,
1033 1416 1170 1464 aesculeae
1188 1416 1310 1476 capiebat
1327 1413 1426 1463 frondis
1444 1415 1578 1466 honoreus.

110 1483 213 1545 Pyrrha
231 1485 310 1545 prior,
335 1484 459 1547 iussisque
476 1485 648 1544 deaeparere
667 1486 784 1541 recusat3
822 1485 872 1530 88⁸
899 1482 1020 1531 Nondum
1039 1484 1127 1532 laurus
1144 1491 1212 1544 erat,
1230 1486 1357 1546 longoque
1374 1482 1496 1533 decentia
1513 1486 1589 1535 eriae
1615 1490 1668 1535 440

111 1552 215 1615 Detque
240 1553 286 1600 sibi
308 1554 421 1612 reniam,
442 1553 532 1601 timido
550 1557 693 1613 regulere,
708 1557 838 1616 pavetque
897 1551 1027 1613 Tempora
1044 1552 1166 1614 cingebat
1183 1552 1218 1602 de
1236 1553 1351 1617 qualibet
1367 1553 1459 1601 arbore
1476 1553 1612 1605 Phoebus.

111 1620 230 1669 haedere
246 1621 349 1669 iactatis
364 1628 496 1669 maternus
511 1621 607 1669 ossibus
621 1621 733 1669 umbras.
899 1620 1001 1668 Primus
1019 1635 1090 1669 amor
1108 1621 1208 1670 Phoebi
1227 1622 1338 1684 Daphne
1357 1621 1473 1681 Peneia;
1498 1637 1576 1686 quern
1597 1638 1652 1675 ne·

112 1690 219 1738 Interea
244 1697 366 1752 repetunt
384 1692 470 1739 caeeis
492 1691 601 1739 obseura
620 1689 727 1738 latebris
900 1689 963 1737 Fors
981 1690 1071 1751 ignara
1089 1688 1171 1751 dedit,
1189 1690 1237 1740 sed
1255 1704 1335 1740 saeva
1352 1690 1488 1752 Cupidinis
1504 1690 1554 1741 ira.

113 1760 202 1807 Verba
221 1760 299 1808 datae
318 1760 393 1808 sortis
415 1774 512 1818 secum,
531 1759 598 1806 iuter
617 1771 697 1822 seque
713 1758 838 1827 volutant.
900 1758 990 1807 Delius
1009 1760 1077 1806 huuc
1096 1774 1189 1821 nuper,
1207 1759 1274 1808 vieta
1292 1767 1415 1821 serpente
1432 1761 1571 1824 superbus,

112 1827 179 1877 lude
197 1828 380 1877 Promethides
403 1827 512 1889 placidis
530 1826 695 1888 Epimethida
712 1824 787 1876 dietis
823 1830 873 1875 890
899 1826 1010 1876 Viderat
1027 1827 1140 1877 adducto
1159 1826 1307 1877 flectentem
1326 1842 1424 1877 cornua
1441 1842 1542 1890 uerso3
1615 1834 1668 1881 444

111 1898 221 1957 Mutuet,
240 1903 275 1955 et,
294 1896 348 1945 Aut
360 1896 450 1956 fallax,
468 1897 513 1957 ait,
535 1903 576 1944 est
590 1897 705 1945 sollertia
722 1896 803 1954 nobis,
899 1895 1021 1959 Quidque
1040 1897 1094 1957 tibi,
1113 1898 1207 1946 laseise
1227 1912 1301 1959 puer,
1319 1913 1377 1946 enm
1396 1894 1505 1947 sortibus
1523 1900 1624 1950 arraial

111 1966 167 2015 Aut
191 1966 235 2028 pia
255 1973 324 2027 sunt,
339 1969 488 2029 nullumque
508 1964 581 2013 nefus
594 1967 699 2014 oracula
716 1964 838 2013 suadent.
899 1965 1029 2024 Dixerat,
1047 1965 1097 2013 ista
1115 1966 1210 2016 decent
1228 1968 1348 2016 humeros
1366 1967 1510 2027 gestamina
1528 1975 1643 2029 norbae

110 2036 209 2095 Magna
227 2050 321 2097 pareus
341 2043 412 2083 terra
427 2042 483 2083 est:
503 2034 603 2096 lapides
616 2036 642 2082 in
663 2048 770 2096 corpore
787 2041 873 2082 terrae
899 2035 950 2085 <lul
968 2034 1032 2083 dare
1051 2042 1124 2083 eerta
1141 2034 1222 2096 ferae,
1237 2036 1301 2085 dare
1314 2038 1421 2084 vulnera
1433 2050 1571 2097 pessuma
1582 2038 1667 2099 liestl3

111 2105 178 2153 Ossa
193 2118 251 2152 reor
266 2104 330 2153 diei:
350 2105 436 2152 iacere
455 2105 501 2150 laos
516 2110 574 2166 post
590 2110 663 2165 terga
676 2105 803 2151 iubemur.
899 2104 951 2154 (lui
969 2103 1055 2164 modo,
1073 2103 1197 2167 pestifero
1215 2111 1253 2154 tot
1271 2107 1362 2167 iugera
1381 2110 1471 2153 ventre
1488 2115 1670 2167 prementem,

87 2224 91 2232 ,
111 2173 233 2233 Coniugis
251 2174 358 2235 augurio
374 2187 521 2237 quanquam
540 2173 787 2234 Titaniamotaest,
822 2176 872 2221 suu
898 2173 1043 2221 stravimus
1060 2172 1202 2223 innumeris
1213 2173 1337 2223 tumidum
1356 2173 1476 2235 Pythona
1490 2175 1604 2236 sagittis.
1614 2180 1670 2225 dd·

110 2242 176 2305 Spes
191 2249 276 2290 tamen
292 2243 317 2290 in
335 2242 413 2291 dubio
425 2249 481 2301 est,
501 2240 567 2291 adeo
588 2243 743 2291 coelestibus
763 2242 839 2291 ambo
898 2243 937 2289 'l'u
956 2240 1014 2290 face
1032 2243 1199 2306 nescioquas
1217 2251 1272 2292 esto
1289 2248 1427 2292 contentus
1446 2257 1548 2293 amores

52 2308 70 2335 ‘'
109 2310 239 2360 Diffiduut
253 2312 363 2360 monitis.
400 2312 452 2360 Sed
466 2311 529 2374 quid
549 2318 652 2361 tentare
664 2312 784 2360 nocebitl
900 2311 1008 2359 Irritare
1027 2316 1086 2369 tua;
1106 2326 1155 2360 nec
1173 2313 1264 2362 laudes
1282 2327 1369 2361 assere
1386 2317 1497 2361 nostras.

39 2372 48 2423 ἒ
110 2380 264 2443 Discedunt,
276 2382 416 2445 velantque
425 2387 515 2443 caput,
528 2381 679 2445 tunicasque
691 2382 839 2443 recingunt,
900 2380 979 2429 Pilius
998 2381 1057 2429 huie
1075 2380 1203 2430 Veneris:
1223 2382 1300 2443 Figat
1318 2388 1376 2430 tuus
1394 2381 1489 2440 omnia,
1511 2375 1635 2443 Phoffle,

110 2451 145 2498 Et
160 2451 240 2498 iussos
256 2450 357 2512 lapides
375 2465 423 2497 suu
436 2457 495 2513 post
510 2451 617 2512 vestigia
635 2451 751 2499 mittunt.
898 2450 936 2497 Te
954 2463 1028 2496 meus
1046 2463 1130 2508 arcus,
1149 2450 1200 2509 ait,
1219 2458 1367 2514 quantoque
1385 2449 1505 2499 animabar
1522 2449 1625 2501 eodm

109 2520 190 2579 Saxa,
203 2520 259 2582 quis
271 2521 318 2567 hue
329 2519 431 2576 credat,
440 2519 488 2565 nisi
500 2518 534 2566 sit
542 2533 589 2579 pro
603 2524 669 2566 teste
679 2519 873 2566 vetustastddd
899 2518 1001 2567 cuneta
1019 2518 1075 2576 tibi,
1094 2524 1165 2567 tanto
1184 2520 1265 2567 minor
1284 2526 1323 2568 est
1342 2526 1387 2568 tua
1405 2519 1486 2581 gloria
1503 2526 1605 2569 uatus.
1612 2523 1670 2571 444

111 2589 214 2636 Ponere
232 2588 356 2637 duritiem
373 2601 494 2647 coepere,
514 2600 641 2649 suumque
655 2588 775 2649 rigorem,
900 2587 983 2647 Dixit,
1000 2593 1027 2635 et
1045 2587 1108 2635 eliso
1126 2588 1256 2648 percussis
1274 2602 1336 2637 aere
1352 2588 1445 2650 pennis

109 2657 257 2720 Mollirique
277 2670 357 2713 mora,
385 2656 533 2719 mollitaque
551 2654 648 2703 ducere
666 2652 785 2704 formam.
900 2655 1016 2718 Impiger
1034 2657 1154 2704 umbrosa
1171 2656 1294 2706 Parnassi
1313 2657 1428 2706 eonstitit
1444 2670 1522 2715 aree,

111 2726 185 2783 Mox,
207 2725 249 2772 uhi
266 2730 414 2783 creverunt,
428 2731 574 2786 naturaque
586 2725 671 2773 mitior
687 2725 736 2773 illis
900 2725 974 2787 Eque
986 2723 1132 2786 sagittifera
1146 2726 1274 2788 prompsit
1290 2725 1341 2775 duo
1362 2727 1415 2775 tela
1432 2725 1559 2788 pharetra

111 2794 236 2855 Contigit,
244 2799 272 2841 ut
287 2793 426 2857 quaedam,
443 2794 480 2840 sic
492 2807 541 2840 non
558 2792 705 2856 manifesta,
719 2791 873 2857 videri[lttd
900 2794 1065 2842 Diversorum
1076 2808 1201 2856 operum:
1218 2794 1291 2857 lugat
1309 2796 1365 2855 hoe,
1379 2792 1442 2843 feeit
1455 2794 1519 2843 illud
1537 2807 1671 2844 morou.

111 2865 207 2913 Forma
225 2868 311 2924 potest
326 2862 449 2921 hominis;
468 2861 515 2911 sed
534 2862 571 2909 uti
588 2861 622 2910 de
641 2876 769 2913 marmore
780 2868 874 2925 eeepto
899 2862 976 2914 Quod
987 2861 1059 2924 facit,
1072 2868 1192 2911 auratum
1205 2870 1254 2925 est,
1262 2870 1290 2914 et
1297 2863 1405 2926 cuspide
1413 2862 1496 2927 fulget
1506 2870 1600 2923 acum
1613 2866 1671 2913 470

112 2932 170 2982 Νοη
184 2937 278 2981 exacta
296 2924 368 2991 satis,
386 2931 543 2995 rudibusque
555 2931 685 2980 slmilliura
698 2930 785 2993 siguis.
900 2930 977 2983 Quod
998 2930 1087 2993 fugat,
1106 2933 1225 2983 obtusum
1248 2939 1304 2995 est,
1328 2940 1355 2981 et
1370 2932 1451 2981 hahet
1466 2933 1514 2981 sub
1535 2931 1672 2983 mediae

111 3003 186 3051 Quae
201 3007 286 3049 tamen
301 3015 334 3049 ex
347 3000 397 3049 illis
408 3001 494 3062 alique
507 3014 568 3061 pars
583 3000 688 3049 humida
700 3015 771 3064 suco,
1327 3003 1471 3064 plumbum.

111 3072 147 3119 Et
160 3078 264 3119 terrena
280 3068 338 3129 fuit,
357 3084 433 3118 versa
451 3077 492 3117 est
511 3069 536 3117 in
553 3056 667 3130 eorporis
687 3084 769 3118 usum.
900 3070 960 3118 Hoc
971 3068 1036 3117 deus
1049 3069 1074 3116 in
1089 3067 1212 3131 Nympha
1228 3069 1346 3119 Peneide
1364 3069 1437 3129 lixit,
1459 3076 1489 3119 at
1508 3068 1552 3118 illo

112 3139 189 3190 erod
201 3139 310 3188 solidum
324 3146 373 3197 ert,
387 3138 509 3201 flectique
521 3140 621 3200 nequit,
633 3146 750 3186 mutatur
766 3139 791 3186 iu
806 3152 873 3199 ossrq
900 3139 989 3189 Laesit
1006 3138 1158 3201 Apollineas
1173 3138 1283 3187 traiecta
1299 3154 1348 3201 per
1358 3154 1418 3188 ossa
1433 3137 1572 3189 medullas.

112 3210 188 3261 Quod
205 3206 873 3269 modovenat‘uit‚sube0demnominemansiudld
901 3208 1024 3257 Protinus
1042 3209 1110 3256 alter
1128 3213 1215 3266 amat3
1243 3206 1309 3268 sugit
1329 3211 1413 3257 alters
1429 3222 1524 3256 nomeu
1542 3205 1671 3265 aruntis.

111 3278 196 3343 Inque
209 3278 282 3326 hreri
297 3277 391 3339 spatio,
410 3291 561 3338 nuperorum
579 3290 696 3336 munere,
712 3291 777 3325 saxa
901 3278 1028 3326 Silvarum
1041 3276 1158 3338 latebris,
1176 3279 1390 3342 captivarumque
1411 3275 1526 3325 ferarum
1614 3279 1670 3326 m

111 3349 193 3397 Missa
212 3348 259 3395 viri
277 3347 393 3395 manibus
409 3344 502 3395 faeiem
523 3352 627 3393 traxere
649 3347 771 3409 virorum,
902 3347 1007 3394 Exuviis
1019 3345 1145 3407 gaudens,
1169 3346 1347 3410 innuptaeque
1366 3348 1469 3395 aemula
1489 3345 1622 3396 Phoebes.

111 3419 145 3466 Et
165 3416 198 3465 de
220 3415 331 3465 femineo
350 3423 472 3478 reparata
491 3422 531 3464 est
546 3412 643 3463 lemine
656 3415 735 3464 iactu.
901 3417 976 3463 Vitta
992 3416 1131 3463 eoereehat
1147 3416 1243 3476 positos
1257 3416 1313 3464 sine
1329 3417 1387 3477 lege
1402 3416 1517 3477 capillos.

112 3486 179 3535 lude
191 3501 272 3545 glenus
285 3485 377 3533 durum
396 3500 493 3546 sumus,
506 3485 696 3548 experiensque
715 3485 839 3542 laborum,
901 3485 978 3532 Multi
994 3485 1063 3532 illam
1074 3484 1191 3545 petiere:
1211 3486 1257 3534 illa
1276 3494 1397 3534 aversata
1411 3491 1543 3546 petentes,

60 3544 64 3555 '
111 3557 147 3605 Bt
160 3556 315 3604 documenta
334 3555 434 3614 damus,
453 3569 503 3617 qua
519 3554 598 3601 simus
611 3553 710 3615 origine
722 3553 787 3602 nati.
823 3556 873 3601 alu
901 3554 1045 3614 Impatiens
1060 3568 1207 3617 expersque
1221 3555 1279 3612 siri,
1301 3569 1433 3602 nemorum
1449 3554 1508 3602 aria
1525 3555 1632 3615 lustrat,

61 3616 69 3647 ¹·
113 3625 209 3673 Cetera
232 3624 340 3672 diversis
360 3625 435 3671 tellus
453 3624 574 3671 animalia
591 3621 678 3670 formis
902 3624 959 3672 Nee
972 3622 1034 3686 quid
1052 3622 1167 3686 Hymen,
1180 3623 1241 3687 quid
1257 3624 1348 3685 Amor,
1368 3622 1430 3686 quid
1456 3623 1508 3671 siut
1525 3623 1670 3685 cannabis,

112 3694 211 3754 Sponte
234 3708 279 3739 sua
295 3693 407 3753 peperit,
421 3700 555 3755 postquam
572 3700 646 3739 veturs
661 3692 751 3739 humer
766 3690 800 3739 ab
814 3689 874 3752 igue
1328 3699 1411 3741 curat.
1613 3694 1670 3741 480

114 3762 246 3809 Perealuit
261 3761 336 3819 Solis,
349 3774 517 3823 coenumque,
532 3761 651 3823 udaeque
667 3760 778 3821 paludes
901 3762 987 3823 Saepe
1002 3765 1079 3823 pater
1089 3760 1173 3809 dixit:
1192 3760 1325 3810 Generum
1347 3762 1417 3820 mihi,
1432 3759 1495 3820 lilia,
1513 3759 1613 3823 doben

114 3831 265 3878 Intumuere
284 3835 373 3887 aestrs;
394 3828 558 3892 secundaque
579 3831 678 3878 semina
700 3843 787 3879 reruru
900 3831 987 3893 Saepe
1004 3837 1081 3892 pater
1092 3829 1175 3878 dixit:
1191 3830 1278 3878 Debes
1295 3830 1367 3890 mihi,
1387 3838 1459 3889 nata,
1475 3835 1594 3892 nepotes.

114 3900 205 3947 Viraei
218 3901 316 3948 nutrita
327 3899 391 3960 solo,
406 3913 454 3947 eeu
470 3900 558 3947 matris
570 3900 596 3946 in
610 3900 678 3957 also,
824 3899 874 3945 420
901 3900 960 3958 llls,
976 3900 1049 3947 velut
1062 3899 1170 3957 crimen,
1186 3898 1277 3947 taedas
1295 3914 1374 3948 exosa
1390 3900 1499 3961 iugales,

113 3969 269 4027 creverunt,
292 3967 437 4031 faciemque
459 3968 570 4032 aliquam
592 3982 687 4030 cepere
705 3966 840 4017 morando.
901 3969 1015 4017 Pulchra
1031 3965 1178 4015 verecundo
1193 3967 1350 4018 suffunditur
1366 3983 1412 4016 ora
1431 3969 1534 4026 rubore,

113 4039 156 4087 Sic
176 4039 218 4086 ubi
240 4038 357 4086 deseruit
379 4037 498 4086 madidos
514 4036 684 4099 septemfluus
702 4048 777 4097 agros
902 4038 984 4101 Inque
999 4038 1079 4099 putris
1094 4036 1196 4085 blandis
1208 4037 1320 4086 haerens
1334 4039 1438 4087 cervice
1455 4035 1570 4095 lacertis,
1613 4038 1670 4085 484

113 4108 198 4165 Nilus,
218 4113 244 4153 et
258 4107 364 4169 antiquo
382 4120 428 4155 sua
440 4105 548 4154 flumina
561 4104 678 4154 reddidit
693 4106 778 4167 alueo,
903 4109 944 4155 Du
960 4107 1022 4154 mihi
1037 4111 1176 4167 perpetua,
1190 4107 1293 4167 genitor
1311 4107 1452 4166 carissime,
1466 4104 1543 4166 dixit,

114 4176 291 4239 Aetherioque
310 4188 401 4223 recens
419 4176 516 4224 exarsit
533 4175 618 4223 sidere
638 4176 727 4223 limus:
903 4176 1061 4239 virginitate
1073 4172 1141 4233 frui;
1160 4172 1236 4222 dedit
1250 4175 1299 4224 hoc
1314 4182 1391 4238 pater
1406 4183 1468 4223 ante
1484 4174 1597 4223 Dianae.

114 4246 231 4295 Plurima
248 4245 360 4293 cultures
378 4245 459 4292 versis
477 4245 599 4293 animalia
616 4244 697 4307 glebis
825 4243 875 4291 dit
903 4245 953 4294 Ille
964 4244 1069 4308 quidem
1079 4243 1228 4304 obsequitur
1238 4259 1244 4292 ι
1256 4244 1302 4294 sed
1311 4253 1336 4293 te
1349 4244 1429 4293 deeor
1436 4244 1494 4302 iste,
1503 4241 1572 4305 quod
1579 4240 1693 4319 op*

114 4314 265 4371 Inresriurrt,
280 4319 308 4360 et
319 4313 344 4359 in
356 4311 394 4359 his
403 4313 531 4375 quaedam
542 4308 876 4374 modoeoepta,subipsuru
904 4314 968 4362 Esse
984 4319 1073 4371 vetat;
1090 4317 1202 4374 votoque
1217 4319 1260 4362 tuo
1277 4321 1321 4363 tua
1339 4313 1421 4362 forma
1442 4304 1586 4373 repugnat.'
1605 4310 1701 4429 ‘'⁰'ss

114 4383 247 4433 Nascendi
265 4382 393 4443 spatlnm;
412 4381 540 4444 quaedam
560 4380 721 4442 imperfecta,
740 4380 842 4443 suisque
904 4381 1605 4445 Phoebusarual,visaequeeupitcouuublaDapbues3

113 4454 217 4501 Trunca
235 4450 324 4499 vident
342 4450 469 4508 inumeris,
490 4454 516 4497 et
531 4449 622 4497 eodem
635 4450 660 4498 in
677 4463 785 4511 corpore
797 4462 877 4511 saepe
904 4452 1030 4513 Quaeque
1044 4451 1125 4512 cupit,
1140 4458 1239 4513 sperat,
1251 4466 1349 4514 suaque
1361 4452 1433 4498 illurn
1448 4452 1553 4498 oracula
1692 4442 1714 4477 '¹

116 4521 209 4573 Altera
226 4535 285 4583 pars
305 4519 376 4579 vivit,
394 4518 466 4568 rudis
485 4524 598 4580 estpars
617 4519 699 4566 altera
717 4518 877 4581 tellusque
903 4520 990 4583 thue
1005 4521 1076 4567 leves
1088 4520 1200 4582 stipulae
1216 4519 1329 4582 demptis
1342 4519 1482 4568 adulentur
1494 4518 1597 4578 aristis3
1652 4562 1656 4569 .

115 4592 222 4652 Quippe
233 4590 276 4638 ubi
283 4587 434 4651 temperiem
442 4602 574 4649 sumpsere
589 4588 730 4650 humorque
740 4588 877 4651 calorque3
904 4589 941 4637 Ut
954 4586 1053 4637 facibus
1072 4602 1164 4651 saepes
1179 4588 1283 4649 ardent,
1299 4603 1362 4652 quas
1380 4585 1455 4636 t'erte·
1467 4589 1552 4636 viator

116 4660 281 4722 concipiunt,
301 4664 328 4707 et
344 4658 376 4707 ab
395 4657 433 4705 his
451 4659 568 4706 oriuntur
589 4662 683 4705 cuncta
700 4655 809 4704 duobus.
904 4658 954 4705 Vel
972 4656 1047 4706 nimis
1063 4655 1188 4717 admovit,
1204 4659 1245 4706 vel
1259 4658 1310 4705 iarn
1324 4658 1370 4705 suh
1390 4649 1450 4704 luee‘
1467 4656 1589 4719 reliquiis

117 4729 256 4793 Quumque
273 4729 306 4777 sit
322 4727 387 4791 iguis
406 4741 490 4790 aquae
507 4741 632 4789 pugnax,
654 4739 735 4788 sapor
760 4724 878 4774 humidus
904 4727 1025 4776 Siedeus
1041 4724 1066 4771 in
1086 4724 1203 4774 dammas
1219 4726 1302 4784 abiit;
1323 4725 1360 4773 sic
1374 4733 1480 4787 pectere
1500 4732 1555 4773 toto
1616 4724 1668 4774 496

544 4810 633 4843 omnes
905 4795 1005 4854 Uritur,
1021 4800 1049 4842 et
1060 4795 1177 4842 sterilem
1192 4794 1322 4855 sperando
1335 4796 1417 4843 nutrit
1439 4809 1562 4845 amoresu.

119 4866 171 4913 Res
189 4871 269 4925 creat,
287 4873 314 4914 et
332 4864 429 4914 discors
447 4862 584 4913 cuncordia
603 4863 698 4913 fetibus
716 4866 779 4926 apta
797 4867 844 4913 est.
906 4864 1016 4926 Spectat
1034 4862 1166 4912 inornatos
1179 4863 1245 4911 eollo
1259 4863 1376 4924 pendere
1394 4858 1511 4927 capillos,

118 4934 187 4995 Ergo
207 4934 249 4981 rrhi
268 4934 364 4983 diluuio
382 4935 460 4984 tellus
480 4934 608 4982 lutulenta
626 4932 725 4982 receuti
907 4935 950 4996 Et,
965 4931 1044 4992 Quid,
1061 4932 1082 4979 si
1099 4937 1250 4981 conantur!
1265 4932 1316 4984 ait:
1336 4933 1409 4983 videt
1427 4934 1487 4997 igne
1506 4930 1633 4981 micantes

171 5097 213 5141 nr
228 5095 372 5151 squinum
386 5097 438 5143 suu.
452 5104 533 5143 aare„
547 5072 620 5143 esis
660 5096 701 5143 sss
715 5097 801 5156 nuri
816 5096 1067 5152 rog-anunm
1113 5098 1156 5142 sss
1172 5097 1326 5144 massam
1341 5094 1478 5143 ramat
1519 5094 1668 5141 iraene-

120 5153 149 5196 ll.
164 5166 178 5195 e
193 5151 259 5195 duob.
276 5150 340 5194 cedd.
382 5155 423 5197 til
437 5161 506 5197 nerto
521 5156 598 5198 uiator
613 5153 642 5197 lt.
658 5167 677 5198 e
